<?xml version="1.0" encoding="utf-8" ?>
<gnc-v2
     xmlns:gnc="http://www.gnucash.org/XML/gnc"
     xmlns:act="http://www.gnucash.org/XML/act"
     xmlns:book="http://www.gnucash.org/XML/book"
     xmlns:cd="http://www.gnucash.org/XML/cd"
     xmlns:cmdty="http://www.gnucash.org/XML/cmdty"
     xmlns:price="http://www.gnucash.org/XML/price"
     xmlns:slot="http://www.gnucash.org/XML/slot"
     xmlns:split="http://www.gnucash.org/XML/split"
     xmlns:sx="http://www.gnucash.org/XML/sx"
     xmlns:trn="http://www.gnucash.org/XML/trn"
     xmlns:ts="http://www.gnucash.org/XML/ts"
     xmlns:fs="http://www.gnucash.org/XML/fs"
     xmlns:bgt="http://www.gnucash.org/XML/bgt"
     xmlns:recurrence="http://www.gnucash.org/XML/recurrence"
     xmlns:lot="http://www.gnucash.org/XML/lot"
     xmlns:addr="http://www.gnucash.org/XML/addr"
     xmlns:billterm="http://www.gnucash.org/XML/billterm"
     xmlns:bt-days="http://www.gnucash.org/XML/bt-days"
     xmlns:bt-prox="http://www.gnucash.org/XML/bt-prox"
     xmlns:cust="http://www.gnucash.org/XML/cust"
     xmlns:employee="http://www.gnucash.org/XML/employee"
     xmlns:entry="http://www.gnucash.org/XML/entry"
     xmlns:invoice="http://www.gnucash.org/XML/invoice"
     xmlns:job="http://www.gnucash.org/XML/job"
     xmlns:order="http://www.gnucash.org/XML/order"
     xmlns:owner="http://www.gnucash.org/XML/owner"
     xmlns:taxtable="http://www.gnucash.org/XML/taxtable"
     xmlns:tte="http://www.gnucash.org/XML/tte"
     xmlns:vendor="http://www.gnucash.org/XML/vendor">
<gnc:count-data cd:type="book">1</gnc:count-data>
<gnc:book version="2.0.0">
<book:id type="guid">2960a21054bb4edda7eecbf4dbe4c2aa</book:id>
<book:slots>
  <slot>
    <slot:key>counter_formats</slot:key>
    <slot:value type="frame">
      <slot>
        <slot:key>gncBill</slot:key>
        <slot:value type="string"></slot:value>
      </slot>
      <slot>
        <slot:key>gncCustomer</slot:key>
        <slot:value type="string"></slot:value>
      </slot>
      <slot>
        <slot:key>gncEmployee</slot:key>
        <slot:value type="string"></slot:value>
      </slot>
      <slot>
        <slot:key>gncExpVoucher</slot:key>
        <slot:value type="string"></slot:value>
      </slot>
      <slot>
        <slot:key>gncInvoice</slot:key>
        <slot:value type="string"></slot:value>
      </slot>
      <slot>
        <slot:key>gncJob</slot:key>
        <slot:value type="string"></slot:value>
      </slot>
      <slot>
        <slot:key>gncOrder</slot:key>
        <slot:value type="string"></slot:value>
      </slot>
      <slot>
        <slot:key>gncVendor</slot:key>
        <slot:value type="string"></slot:value>
      </slot>
    </slot:value>
  </slot>
  <slot>
    <slot:key>counters</slot:key>
    <slot:value type="frame">
      <slot>
        <slot:key>gncBill</slot:key>
        <slot:value type="integer">1</slot:value>
      </slot>
      <slot>
        <slot:key>gncCustomer</slot:key>
        <slot:value type="integer">3</slot:value>
      </slot>
      <slot>
        <slot:key>gncEmployee</slot:key>
        <slot:value type="integer">2</slot:value>
      </slot>
      <slot>
        <slot:key>gncExpVoucher</slot:key>
        <slot:value type="integer">1</slot:value>
      </slot>
      <slot>
        <slot:key>gncInvoice</slot:key>
        <slot:value type="integer">0</slot:value>
      </slot>
      <slot>
        <slot:key>gncJob</slot:key>
        <slot:value type="integer">4</slot:value>
      </slot>
      <slot>
        <slot:key>gncOrder</slot:key>
        <slot:value type="integer">0</slot:value>
      </slot>
      <slot>
        <slot:key>gncVendor</slot:key>
        <slot:value type="integer">3</slot:value>
      </slot>
    </slot:value>
  </slot>
  <slot>
    <slot:key>features</slot:key>
    <slot:value type="frame">
      <slot>
        <slot:key>Register sort and filter settings stored in .gcm file</slot:key>
        <slot:value type="string">Store the register sort and filter settings in .gcm metadata file (requires at least GnuCash 3.3)</slot:value>
      </slot>
      <slot>
        <slot:key>Use a dedicated opening balance account identified by an 'equity-type' slot</slot:key>
        <slot:value type="string">Use a dedicated opening balance account identified by an 'equity-type' slot (requires at least Gnucash 4.3)</slot:value>
      </slot>
    </slot:value>
  </slot>
  <slot>
    <slot:key>options</slot:key>
    <slot:value type="frame">
      <slot>
        <slot:key>Accounts</slot:key>
        <slot:value type="frame">
          <slot>
            <slot:key>Day Threshold for Read-Only Transactions (red line)</slot:key>
            <slot:value type="double">0</slot:value>
          </slot>
          <slot>
            <slot:key>Use Split Action Field for Number</slot:key>
            <slot:value type="string">f</slot:value>
          </slot>
          <slot>
            <slot:key>Use Trading Accounts</slot:key>
            <slot:value type="string">f</slot:value>
          </slot>
        </slot:value>
      </slot>
      <slot>
        <slot:key>Business</slot:key>
        <slot:value type="frame">
          <slot>
            <slot:key>Company Address</slot:key>
            <slot:value type="string"></slot:value>
          </slot>
          <slot>
            <slot:key>Company Contact Person</slot:key>
            <slot:value type="string"></slot:value>
          </slot>
          <slot>
            <slot:key>Company Email Address</slot:key>
            <slot:value type="string"></slot:value>
          </slot>
          <slot>
            <slot:key>Company Fax Number</slot:key>
            <slot:value type="string"></slot:value>
          </slot>
          <slot>
            <slot:key>Company ID</slot:key>
            <slot:value type="string"></slot:value>
          </slot>
          <slot>
            <slot:key>Company Name</slot:key>
            <slot:value type="string"></slot:value>
          </slot>
          <slot>
            <slot:key>Company Phone Number</slot:key>
            <slot:value type="string"></slot:value>
          </slot>
          <slot>
            <slot:key>Company Website URL</slot:key>
            <slot:value type="string"></slot:value>
          </slot>
          <slot>
            <slot:key>Default Customer TaxTable</slot:key>
            <slot:value type="guid">83b1859fd415421cb24f8c72eb755fcc</slot:value>
          </slot>
          <slot>
            <slot:key>Default Invoice Report</slot:key>
            <slot:value type="string">5123a759ceb9483abf2182d01c140e8d/Printable Invoice</slot:value>
          </slot>
          <slot>
            <slot:key>Default Invoice Report Timeout</slot:key>
            <slot:value type="double">0</slot:value>
          </slot>
          <slot>
            <slot:key>Default Vendor TaxTable</slot:key>
            <slot:value type="guid">2f43eee4235e450aaa4460864269444c</slot:value>
          </slot>
          <slot>
            <slot:key>Fancy Date Format</slot:key>
            <slot:value type="string">%d.%m.%Y</slot:value>
          </slot>
        </slot:value>
      </slot>
      <slot>
        <slot:key>Tax</slot:key>
        <slot:value type="frame">
          <slot>
            <slot:key>Tax Number</slot:key>
            <slot:value type="string"></slot:value>
          </slot>
        </slot:value>
      </slot>
    </slot:value>
  </slot>
  <slot>
    <slot:key>remove-color-not-set-slots</slot:key>
    <slot:value type="string">true</slot:value>
  </slot>
</book:slots>
<gnc:count-data cd:type="commodity">7</gnc:count-data>
<gnc:count-data cd:type="account">106</gnc:count-data>
<gnc:count-data cd:type="transaction">18</gnc:count-data>
<gnc:count-data cd:type="price">23</gnc:count-data>
<gnc:count-data cd:type="gnc:GncBillTerm">3</gnc:count-data>
<gnc:count-data cd:type="gnc:GncCustomer">3</gnc:count-data>
<gnc:count-data cd:type="gnc:GncEmployee">2</gnc:count-data>
<gnc:count-data cd:type="gnc:GncEntry">15</gnc:count-data>
<gnc:count-data cd:type="gnc:GncInvoice">9</gnc:count-data>
<gnc:count-data cd:type="gnc:GncJob">4</gnc:count-data>
<gnc:count-data cd:type="gnc:GncTaxTable">7</gnc:count-data>
<gnc:count-data cd:type="gnc:GncVendor">3</gnc:count-data>
<gnc:commodity version="2.0.0">
  <cmdty:space>CURRENCY</cmdty:space>
  <cmdty:id>EUR</cmdty:id>
  <cmdty:get_quotes/>
  <cmdty:quote_source>currency</cmdty:quote_source>
  <cmdty:quote_tz/>
</gnc:commodity>
<gnc:commodity version="2.0.0">
  <cmdty:space>CURRENCY</cmdty:space>
  <cmdty:id>USD</cmdty:id>
  <cmdty:get_quotes/>
  <cmdty:quote_source>currency</cmdty:quote_source>
  <cmdty:quote_tz/>
</gnc:commodity>
<gnc:commodity version="2.0.0">
  <cmdty:space>EURONEXT</cmdty:space>
  <cmdty:id>MBG</cmdty:id>
  <cmdty:name>Mercedes-Benz Group AG</cmdty:name>
  <cmdty:xcode>DE0007100000</cmdty:xcode>
  <cmdty:fraction>10000</cmdty:fraction>
</gnc:commodity>
<gnc:commodity version="2.0.0">
  <cmdty:space>EURONEXT</cmdty:space>
  <cmdty:id>SAP</cmdty:id>
  <cmdty:name>SAP SE</cmdty:name>
  <cmdty:xcode>DE0007164600</cmdty:xcode>
  <cmdty:fraction>10000</cmdty:fraction>
</gnc:commodity>
<gnc:commodity version="2.0.0">
  <cmdty:space>ISIN</cmdty:space>
  <cmdty:id>DE000BASF111</cmdty:id>
  <cmdty:name>BASF SE</cmdty:name>
  <cmdty:xcode>DE000BASF111</cmdty:xcode>
  <cmdty:fraction>10000</cmdty:fraction>
  <cmdty:slots>
    <slot>
      <slot:key>user_symbol</slot:key>
      <slot:value type="string">BAS</slot:value>
    </slot>
  </cmdty:slots>
</gnc:commodity>
<gnc:commodity version="2.0.0">
  <cmdty:space>ISIN</cmdty:space>
  <cmdty:id>FR0000120644</cmdty:id>
  <cmdty:name>Danone</cmdty:name>
  <cmdty:xcode>FR0000120644</cmdty:xcode>
  <cmdty:fraction>10000</cmdty:fraction>
  <cmdty:slots>
    <slot>
      <slot:key>user_symbol</slot:key>
      <slot:value type="string">BN</slot:value>
    </slot>
  </cmdty:slots>
</gnc:commodity>
<gnc:commodity version="2.0.0">
  <cmdty:space>ISIN</cmdty:space>
  <cmdty:id>GB0009895292</cmdty:id>
  <cmdty:name>AstraZeneca Plc</cmdty:name>
  <cmdty:xcode>GB0009895292</cmdty:xcode>
  <cmdty:fraction>10000</cmdty:fraction>
  <cmdty:slots>
    <slot>
      <slot:key>user_symbol</slot:key>
      <slot:value type="string">AZN</slot:value>
    </slot>
  </cmdty:slots>
</gnc:commodity>
<gnc:commodity version="2.0.0">
  <cmdty:space>ISIN</cmdty:space>
  <cmdty:id>US1912161007</cmdty:id>
  <cmdty:name>The Coca-Cola Co.</cmdty:name>
  <cmdty:xcode>US1912161007</cmdty:xcode>
  <cmdty:fraction>10000</cmdty:fraction>
  <cmdty:slots>
    <slot>
      <slot:key>user_symbol</slot:key>
      <slot:value type="string">KO</slot:value>
    </slot>
  </cmdty:slots>
</gnc:commodity>
<gnc:commodity version="2.0.0">
  <cmdty:space>template</cmdty:space>
  <cmdty:id>template</cmdty:id>
  <cmdty:name>template</cmdty:name>
  <cmdty:xcode>template</cmdty:xcode>
  <cmdty:fraction>1</cmdty:fraction>
</gnc:commodity>
<gnc:pricedb version="1">
  <price>
    <price:id type="guid">f011f1d79cb844d88aa21a622ecebba8</price:id>
    <price:commodity>
      <cmdty:space>CURRENCY</cmdty:space>
      <cmdty:id>USD</cmdty:id>
    </price:commodity>
    <price:currency>
      <cmdty:space>CURRENCY</cmdty:space>
      <cmdty:id>EUR</cmdty:id>
    </price:currency>
    <price:time>
      <ts:date>2024-01-01 10:59:00 +0000</ts:date>
    </price:time>
    <price:source>user:price-editor</price:source>
    <price:type>unknown</price:type>
    <price:value>93/100</price:value>
  </price>
  <price>
    <price:id type="guid">861b7b820a644f48a9ebc32577ce9720</price:id>
    <price:commodity>
      <cmdty:space>CURRENCY</cmdty:space>
      <cmdty:id>USD</cmdty:id>
    </price:commodity>
    <price:currency>
      <cmdty:space>CURRENCY</cmdty:space>
      <cmdty:id>EUR</cmdty:id>
    </price:currency>
    <price:time>
      <ts:date>2023-12-01 10:59:00 +0000</ts:date>
    </price:time>
    <price:source>user:price-editor</price:source>
    <price:type>unknown</price:type>
    <price:value>23/25</price:value>
  </price>
  <price>
    <price:id type="guid">7c6ab10fde9943ccbfb1623d58a9448a</price:id>
    <price:commodity>
      <cmdty:space>CURRENCY</cmdty:space>
      <cmdty:id>USD</cmdty:id>
    </price:commodity>
    <price:currency>
      <cmdty:space>CURRENCY</cmdty:space>
      <cmdty:id>EUR</cmdty:id>
    </price:currency>
    <price:time>
      <ts:date>2023-11-01 10:59:00 +0000</ts:date>
    </price:time>
    <price:source>user:price-editor</price:source>
    <price:type>unknown</price:type>
    <price:value>91/100</price:value>
  </price>
  <price>
    <price:id type="guid">037c268b47fb46d385360b1c9788a459</price:id>
    <price:commodity>
      <cmdty:space>CURRENCY</cmdty:space>
      <cmdty:id>USD</cmdty:id>
    </price:commodity>
    <price:currency>
      <cmdty:space>CURRENCY</cmdty:space>
      <cmdty:id>EUR</cmdty:id>
    </price:currency>
    <price:time>
      <ts:date>2023-10-01 10:59:00 +0000</ts:date>
    </price:time>
    <price:source>user:price</price:source>
    <price:value>100/93</price:value>
  </price>
  <price>
    <price:id type="guid">3206bcc27c4242b88f7570788646c13a</price:id>
    <price:commodity>
      <cmdty:space>EURONEXT</cmdty:space>
      <cmdty:id>MBG</cmdty:id>
    </price:commodity>
    <price:currency>
      <cmdty:space>CURRENCY</cmdty:space>
      <cmdty:id>EUR</cmdty:id>
    </price:currency>
    <price:time>
      <ts:date>2024-06-01 10:59:00 +0000</ts:date>
    </price:time>
    <price:source>user:split-register</price:source>
    <price:type>unknown</price:type>
    <price:value>2253/200</price:value>
  </price>
  <price>
    <price:id type="guid">b7fe7eb916164f1d9d43f41262530381</price:id>
    <price:commodity>
      <cmdty:space>EURONEXT</cmdty:space>
      <cmdty:id>MBG</cmdty:id>
    </price:commodity>
    <price:currency>
      <cmdty:space>CURRENCY</cmdty:space>
      <cmdty:id>EUR</cmdty:id>
    </price:currency>
    <price:time>
      <ts:date>2023-07-01 10:59:00 +0000</ts:date>
    </price:time>
    <price:source>user:split-register</price:source>
    <price:type>transaction</price:type>
    <price:value>22530000/1000000</price:value>
  </price>
  <price>
    <price:id type="guid">6311202714c54fe889ee7aa616cf4715</price:id>
    <price:commodity>
      <cmdty:space>EURONEXT</cmdty:space>
      <cmdty:id>SAP</cmdty:id>
    </price:commodity>
    <price:currency>
      <cmdty:space>CURRENCY</cmdty:space>
      <cmdty:id>EUR</cmdty:id>
    </price:currency>
    <price:time>
      <ts:date>2025-02-19 10:59:00 +0000</ts:date>
    </price:time>
    <price:source>user:split-register</price:source>
    <price:type>transaction</price:type>
    <price:value>145000000/1000000</price:value>
  </price>
  <price>
    <price:id type="guid">8f2d1e3263aa4efba4a8e0e892c166b3</price:id>
    <price:commodity>
      <cmdty:space>EURONEXT</cmdty:space>
      <cmdty:id>SAP</cmdty:id>
    </price:commodity>
    <price:currency>
      <cmdty:space>CURRENCY</cmdty:space>
      <cmdty:id>EUR</cmdty:id>
    </price:currency>
    <price:time>
      <ts:date>2023-07-20 10:59:00 +0000</ts:date>
    </price:time>
    <price:source>user:price-editor</price:source>
    <price:type>unknown</price:type>
    <price:value>145/1</price:value>
  </price>
  <price>
    <price:id type="guid">d2db5e4108b9413aa678045ca66b205f</price:id>
    <price:commodity>
      <cmdty:space>EURONEXT</cmdty:space>
      <cmdty:id>SAP</cmdty:id>
    </price:commodity>
    <price:currency>
      <cmdty:space>CURRENCY</cmdty:space>
      <cmdty:id>EUR</cmdty:id>
    </price:currency>
    <price:time>
      <ts:date>2023-07-18 10:59:00 +0000</ts:date>
    </price:time>
    <price:source>user:split-register</price:source>
    <price:type>transaction</price:type>
    <price:value>125000000/1000000</price:value>
  </price>
  <price>
    <price:id type="guid">232625da7b4b4f55ba5e0e81b6ab4cac</price:id>
    <price:commodity>
      <cmdty:space>EURONEXT</cmdty:space>
      <cmdty:id>SAP</cmdty:id>
    </price:commodity>
    <price:currency>
      <cmdty:space>CURRENCY</cmdty:space>
      <cmdty:id>EUR</cmdty:id>
    </price:currency>
    <price:time>
      <ts:date>2012-03-05 10:59:00 +0000</ts:date>
    </price:time>
    <price:source>user:price</price:source>
    <price:type>last</price:type>
    <price:value>51390000000000/1000000</price:value>
  </price>
  <price>
    <price:id type="guid">f2806739b34a4f55a86d9c83f2061606</price:id>
    <price:commodity>
      <cmdty:space>EURONEXT</cmdty:space>
      <cmdty:id>SAP</cmdty:id>
    </price:commodity>
    <price:currency>
      <cmdty:space>CURRENCY</cmdty:space>
      <cmdty:id>EUR</cmdty:id>
    </price:currency>
    <price:time>
      <ts:date>2012-03-02 10:59:00 +0000</ts:date>
    </price:time>
    <price:source>user:price</price:source>
    <price:type>last</price:type>
    <price:value>51200000000000/1000000</price:value>
  </price>
  <price>
    <price:id type="guid">0f9b0c306c1f490c92f3fb96d03f40c3</price:id>
    <price:commodity>
      <cmdty:space>EURONEXT</cmdty:space>
      <cmdty:id>SAP</cmdty:id>
    </price:commodity>
    <price:currency>
      <cmdty:space>CURRENCY</cmdty:space>
      <cmdty:id>EUR</cmdty:id>
    </price:currency>
    <price:time>
      <ts:date>2012-03-01 10:59:00 +0000</ts:date>
    </price:time>
    <price:source>user:price</price:source>
    <price:type>last</price:type>
    <price:value>51080000000000/1000000</price:value>
  </price>
  <price>
    <price:id type="guid">e733aaa5b2cb448e8402900e607e09cf</price:id>
    <price:commodity>
      <cmdty:space>ISIN</cmdty:space>
      <cmdty:id>DE000BASF111</cmdty:id>
    </price:commodity>
    <price:currency>
      <cmdty:space>CURRENCY</cmdty:space>
      <cmdty:id>EUR</cmdty:id>
    </price:currency>
    <price:time>
      <ts:date>2023-12-01 10:59:00 +0000</ts:date>
    </price:time>
    <price:source>user:price-editor</price:source>
    <price:type>unknown</price:type>
    <price:value>463/10</price:value>
  </price>
  <price>
    <price:id type="guid">06b42741d045462f9857feea6695f21d</price:id>
    <price:commodity>
      <cmdty:space>ISIN</cmdty:space>
      <cmdty:id>DE000BASF111</cmdty:id>
    </price:commodity>
    <price:currency>
      <cmdty:space>CURRENCY</cmdty:space>
      <cmdty:id>EUR</cmdty:id>
    </price:currency>
    <price:time>
      <ts:date>2023-11-01 10:59:00 +0000</ts:date>
    </price:time>
    <price:source>user:price-editor</price:source>
    <price:type>unknown</price:type>
    <price:value>231/5</price:value>
  </price>
  <price>
    <price:id type="guid">6e651c2d5a934a7998efa3ea0a94f1ee</price:id>
    <price:commodity>
      <cmdty:space>ISIN</cmdty:space>
      <cmdty:id>DE000BASF111</cmdty:id>
    </price:commodity>
    <price:currency>
      <cmdty:space>CURRENCY</cmdty:space>
      <cmdty:id>EUR</cmdty:id>
    </price:currency>
    <price:time>
      <ts:date>2023-10-01 10:59:00 +0000</ts:date>
    </price:time>
    <price:source>user:price-editor</price:source>
    <price:type>unknown</price:type>
    <price:value>461/10</price:value>
  </price>
  <price>
    <price:id type="guid">14933eaab93d494393ffc92e99f7f7c8</price:id>
    <price:commodity>
      <cmdty:space>ISIN</cmdty:space>
      <cmdty:id>DE000BASF111</cmdty:id>
    </price:commodity>
    <price:currency>
      <cmdty:space>CURRENCY</cmdty:space>
      <cmdty:id>EUR</cmdty:id>
    </price:currency>
    <price:time>
      <ts:date>2023-09-01 10:59:00 +0000</ts:date>
    </price:time>
    <price:source>user:price-editor</price:source>
    <price:type>unknown</price:type>
    <price:value>46/1</price:value>
  </price>
  <price>
    <price:id type="guid">1bed09012a2745208490b2cf6a108443</price:id>
    <price:commodity>
      <cmdty:space>ISIN</cmdty:space>
      <cmdty:id>DE000BASF111</cmdty:id>
    </price:commodity>
    <price:currency>
      <cmdty:space>CURRENCY</cmdty:space>
      <cmdty:id>EUR</cmdty:id>
    </price:currency>
    <price:time>
      <ts:date>2023-08-10 10:59:00 +0000</ts:date>
    </price:time>
    <price:source>user:price-editor</price:source>
    <price:type>unknown</price:type>
    <price:value>459/10</price:value>
  </price>
  <price>
    <price:id type="guid">d9204b5e5b724562b99ae6d24ac06883</price:id>
    <price:commodity>
      <cmdty:space>ISIN</cmdty:space>
      <cmdty:id>DE000BASF111</cmdty:id>
    </price:commodity>
    <price:currency>
      <cmdty:space>CURRENCY</cmdty:space>
      <cmdty:id>EUR</cmdty:id>
    </price:currency>
    <price:time>
      <ts:date>2023-07-01 10:59:00 +0000</ts:date>
    </price:time>
    <price:source>user:price-editor</price:source>
    <price:type>unknown</price:type>
    <price:value>453/10</price:value>
  </price>
  <price>
    <price:id type="guid">796203664c844ad1a57fcf98aff386df</price:id>
    <price:commodity>
      <cmdty:space>ISIN</cmdty:space>
      <cmdty:id>DE000BASF111</cmdty:id>
    </price:commodity>
    <price:currency>
      <cmdty:space>CURRENCY</cmdty:space>
      <cmdty:id>EUR</cmdty:id>
    </price:currency>
    <price:time>
      <ts:date>2023-06-01 10:59:00 +0000</ts:date>
    </price:time>
    <price:source>user:price-editor</price:source>
    <price:type>unknown</price:type>
    <price:value>226/5</price:value>
  </price>
  <price>
    <price:id type="guid">10c5b1ebc8694378876a1fbe45ab49a9</price:id>
    <price:commodity>
      <cmdty:space>ISIN</cmdty:space>
      <cmdty:id>DE000BASF111</cmdty:id>
    </price:commodity>
    <price:currency>
      <cmdty:space>CURRENCY</cmdty:space>
      <cmdty:id>EUR</cmdty:id>
    </price:currency>
    <price:time>
      <ts:date>2023-05-01 10:59:00 +0000</ts:date>
    </price:time>
    <price:source>user:price-editor</price:source>
    <price:type>unknown</price:type>
    <price:value>451/10</price:value>
  </price>
  <price>
    <price:id type="guid">3d7b1c6ca678483985cda54863f62ef5</price:id>
    <price:commodity>
      <cmdty:space>ISIN</cmdty:space>
      <cmdty:id>DE000BASF111</cmdty:id>
    </price:commodity>
    <price:currency>
      <cmdty:space>CURRENCY</cmdty:space>
      <cmdty:id>EUR</cmdty:id>
    </price:currency>
    <price:time>
      <ts:date>2023-04-01 10:59:00 +0000</ts:date>
    </price:time>
    <price:source>user:price-editor</price:source>
    <price:type>unknown</price:type>
    <price:value>45/1</price:value>
  </price>
  <price>
    <price:id type="guid">dcc5dab9e36d4a9cb2ca4013a897ecb7</price:id>
    <price:commodity>
      <cmdty:space>ISIN</cmdty:space>
      <cmdty:id>DE000BASF111</cmdty:id>
    </price:commodity>
    <price:currency>
      <cmdty:space>CURRENCY</cmdty:space>
      <cmdty:id>EUR</cmdty:id>
    </price:currency>
    <price:time>
      <ts:date>2023-03-06 10:59:00 +0000</ts:date>
    </price:time>
    <price:source>user:price-editor</price:source>
    <price:type>unknown</price:type>
    <price:value>8651/200</price:value>
  </price>
  <price>
    <price:id type="guid">144582489ce24f3d934699b77d634977</price:id>
    <price:commodity>
      <cmdty:space>ISIN</cmdty:space>
      <cmdty:id>FR0000120644</cmdty:id>
    </price:commodity>
    <price:currency>
      <cmdty:space>CURRENCY</cmdty:space>
      <cmdty:id>EUR</cmdty:id>
    </price:currency>
    <price:time>
      <ts:date>2023-03-02 10:59:00 +0000</ts:date>
    </price:time>
    <price:source>user:price-editor</price:source>
    <price:type>unknown</price:type>
    <price:value>2679/50</price:value>
  </price>
</gnc:pricedb>
<gnc:account version="2.0.0">
  <act:name>Root Account</act:name>
  <act:id type="guid">14305dc80e034834b3f531696d81b493</act:id>
  <act:type>ROOT</act:type>
  <act:commodity>
    <cmdty:space>CURRENCY</cmdty:space>
    <cmdty:id>EUR</cmdty:id>
  </act:commodity>
  <act:commodity-scu>100</act:commodity-scu>
</gnc:account>
<gnc:account version="2.0.0">
  <act:name>Aktiva</act:name>
  <act:id type="guid">3b0e56552514420da0e2cec300f64ce6</act:id>
  <act:type>ASSET</act:type>
  <act:commodity>
    <cmdty:space>CURRENCY</cmdty:space>
    <cmdty:id>EUR</cmdty:id>
  </act:commodity>
  <act:commodity-scu>100</act:commodity-scu>
  <act:description>Aktiva</act:description>
  <act:slots>
    <slot>
      <slot:key>placeholder</slot:key>
      <slot:value type="string">true</slot:value>
    </slot>
  </act:slots>
  <act:parent type="guid">14305dc80e034834b3f531696d81b493</act:parent>
</gnc:account>
<gnc:account version="2.0.0">
  <act:name>Depots</act:name>
  <act:id type="guid">7ee6fe4de6db46fd957f3513c9c6f983</act:id>
  <act:type>ASSET</act:type>
  <act:commodity>
    <cmdty:space>CURRENCY</cmdty:space>
    <cmdty:id>EUR</cmdty:id>
  </act:commodity>
  <act:commodity-scu>100</act:commodity-scu>
  <act:description>Geldanlagen</act:description>
  <act:slots>
    <slot>
      <slot:key>placeholder</slot:key>
      <slot:value type="string">true</slot:value>
    </slot>
  </act:slots>
  <act:parent type="guid">3b0e56552514420da0e2cec300f64ce6</act:parent>
</gnc:account>
<gnc:account version="2.0.0">
  <act:name>Depot RaiBa</act:name>
  <act:id type="guid">cc2c4709633943c39293bfd73de88c9b</act:id>
  <act:type>ASSET</act:type>
  <act:commodity>
    <cmdty:space>CURRENCY</cmdty:space>
    <cmdty:id>EUR</cmdty:id>
  </act:commodity>
  <act:commodity-scu>100</act:commodity-scu>
  <act:description>Aktiendepot 1</act:description>
  <act:slots>
    <slot>
      <slot:key>placeholder</slot:key>
      <slot:value type="string">true</slot:value>
    </slot>
  </act:slots>
  <act:parent type="guid">7ee6fe4de6db46fd957f3513c9c6f983</act:parent>
</gnc:account>
<gnc:account version="2.0.0">
  <act:name>DE0007100000 Mercedes-Benz</act:name>
  <act:id type="guid">d49554f33a0340bdb6611a1ab5575998</act:id>
  <act:type>STOCK</act:type>
  <act:commodity>
    <cmdty:space>EURONEXT</cmdty:space>
    <cmdty:id>MBG</cmdty:id>
  </act:commodity>
  <act:commodity-scu>10000</act:commodity-scu>
  <act:description>Mercedes-Benz Group AG</act:description>
  <act:parent type="guid">cc2c4709633943c39293bfd73de88c9b</act:parent>
</gnc:account>
<gnc:account version="2.0.0">
  <act:name>DE0007164600 SAP</act:name>
  <act:id type="guid">b3741e92e3b9475b9d5a2dc8254a8111</act:id>
  <act:type>STOCK</act:type>
  <act:commodity>
    <cmdty:space>EURONEXT</cmdty:space>
    <cmdty:id>SAP</cmdty:id>
  </act:commodity>
  <act:commodity-scu>10000</act:commodity-scu>
  <act:description>SAP SE</act:description>
  <act:slots>
    <slot>
      <slot:key>associated-account</slot:key>
      <slot:value type="frame">
        <slot>
          <slot:key>stock-broker-fees</slot:key>
          <slot:value type="guid">b3741e92e3b9475b9d5a2dc8254a8111</slot:value>
        </slot>
      </slot:value>
    </slot>
    <slot>
      <slot:key>lot-mgmt</slot:key>
      <slot:value type="frame">
        <slot>
          <slot:key>gains-acct</slot:key>
          <slot:value type="frame">
            <slot>
              <slot:key>CURRENCY::EUR</slot:key>
              <slot:value type="guid">52f6de2021ca4accb4358a62f8df225f</slot:value>
            </slot>
          </slot:value>
        </slot>
        <slot>
          <slot:key>next-id</slot:key>
          <slot:value type="integer">1</slot:value>
        </slot>
      </slot:value>
    </slot>
  </act:slots>
  <act:parent type="guid">cc2c4709633943c39293bfd73de88c9b</act:parent>
  <act:lots>
    <gnc:lot version="2.0.0">
      <lot:id type="guid">ef15827f413a4eeeaf8a7b492252b443</lot:id>
      <lot:slots>
        <slot>
          <slot:key>notes</slot:key>
          <slot:value type="string">Zur korrekten Vorbereitung des Jahresabschlusses ist ein vollständiges Abbilden der Posten-Logik notwendig.</slot:value>
        </slot>
        <slot>
          <slot:key>title</slot:key>
          <slot:value type="string">Charge 0</slot:value>
        </slot>
      </lot:slots>
    </gnc:lot>
  </act:lots>
</gnc:account>
<gnc:account version="2.0.0">
  <act:name>Depot SocGen</act:name>
  <act:id type="guid">7b6e48d2a3f14aa5b0d81b3d3296ff8c</act:id>
  <act:type>ASSET</act:type>
  <act:commodity>
    <cmdty:space>CURRENCY</cmdty:space>
    <cmdty:id>EUR</cmdty:id>
  </act:commodity>
  <act:commodity-scu>100</act:commodity-scu>
  <act:description>Aktiendepot 2</act:description>
  <act:parent type="guid">7ee6fe4de6db46fd957f3513c9c6f983</act:parent>
</gnc:account>
<gnc:account version="2.0.0">
  <act:name>Sichteinlagen</act:name>
  <act:id type="guid">3cf39ca12d414c7289a90ef76ee88c27</act:id>
  <act:type>ASSET</act:type>
  <act:commodity>
    <cmdty:space>CURRENCY</cmdty:space>
    <cmdty:id>EUR</cmdty:id>
  </act:commodity>
  <act:commodity-scu>100</act:commodity-scu>
  <act:description>Barvermögen</act:description>
  <act:slots>
    <slot>
      <slot:key>placeholder</slot:key>
      <slot:value type="string">true</slot:value>
    </slot>
  </act:slots>
  <act:parent type="guid">3b0e56552514420da0e2cec300f64ce6</act:parent>
</gnc:account>
<gnc:account version="2.0.0">
  <act:name>KK</act:name>
  <act:id type="guid">fdffaa52f5b04754901dfb1cf9221494</act:id>
  <act:type>ASSET</act:type>
  <act:commodity>
    <cmdty:space>CURRENCY</cmdty:space>
    <cmdty:id>EUR</cmdty:id>
  </act:commodity>
  <act:commodity-scu>100</act:commodity-scu>
  <act:parent type="guid">3cf39ca12d414c7289a90ef76ee88c27</act:parent>
</gnc:account>
<gnc:account version="2.0.0">
  <act:name>Giro RaiBa</act:name>
  <act:id type="guid">bbf77a599bd24a3dbfec3dd1d0bb9f5c</act:id>
  <act:type>BANK</act:type>
  <act:commodity>
    <cmdty:space>CURRENCY</cmdty:space>
    <cmdty:id>EUR</cmdty:id>
  </act:commodity>
  <act:commodity-scu>100</act:commodity-scu>
  <act:description>Girokonto 1</act:description>
  <act:parent type="guid">fdffaa52f5b04754901dfb1cf9221494</act:parent>
</gnc:account>
<gnc:account version="2.0.0">
  <act:name>Giro SocGen</act:name>
  <act:id type="guid">aa0f8f2a0e8b4b8cb940918710145088</act:id>
  <act:type>ASSET</act:type>
  <act:commodity>
    <cmdty:space>CURRENCY</cmdty:space>
    <cmdty:id>EUR</cmdty:id>
  </act:commodity>
  <act:commodity-scu>100</act:commodity-scu>
  <act:description>Girokonto 2</act:description>
  <act:parent type="guid">fdffaa52f5b04754901dfb1cf9221494</act:parent>
</gnc:account>
<gnc:account version="2.0.0">
  <act:name>nicht-KK</act:name>
  <act:id type="guid">06d05a9c302b44a8b5a16e91fed31b95</act:id>
  <act:type>ASSET</act:type>
  <act:commodity>
    <cmdty:space>CURRENCY</cmdty:space>
    <cmdty:id>EUR</cmdty:id>
  </act:commodity>
  <act:commodity-scu>100</act:commodity-scu>
  <act:parent type="guid">3cf39ca12d414c7289a90ef76ee88c27</act:parent>
</gnc:account>
<gnc:account version="2.0.0">
  <act:name>Sparkonto</act:name>
  <act:id type="guid">b88e9eca9c73411b947b882d0bf8ec6f</act:id>
  <act:type>BANK</act:type>
  <act:commodity>
    <cmdty:space>CURRENCY</cmdty:space>
    <cmdty:id>EUR</cmdty:id>
  </act:commodity>
  <act:commodity-scu>100</act:commodity-scu>
  <act:description>Sparkonto</act:description>
  <act:parent type="guid">06d05a9c302b44a8b5a16e91fed31b95</act:parent>
</gnc:account>
<gnc:account version="2.0.0">
  <act:name>Tagesgeld RaiBa</act:name>
  <act:id type="guid">87b7dc076d684bb78044795a89d665c8</act:id>
  <act:type>BANK</act:type>
  <act:commodity>
    <cmdty:space>CURRENCY</cmdty:space>
    <cmdty:id>EUR</cmdty:id>
  </act:commodity>
  <act:commodity-scu>100</act:commodity-scu>
  <act:parent type="guid">06d05a9c302b44a8b5a16e91fed31b95</act:parent>
</gnc:account>
<gnc:account version="2.0.0">
  <act:name>Tagesgeld RaiBa USD</act:name>
  <act:id type="guid">cc85104b83b74099bbdbdf69497e7696</act:id>
  <act:type>BANK</act:type>
  <act:commodity>
    <cmdty:space>CURRENCY</cmdty:space>
    <cmdty:id>USD</cmdty:id>
  </act:commodity>
  <act:commodity-scu>100</act:commodity-scu>
  <act:parent type="guid">06d05a9c302b44a8b5a16e91fed31b95</act:parent>
</gnc:account>
<gnc:account version="2.0.0">
  <act:name>Sonstige</act:name>
  <act:id type="guid">97588a9049df44a5bfb93b3efed9f501</act:id>
  <act:type>ASSET</act:type>
  <act:commodity>
    <cmdty:space>CURRENCY</cmdty:space>
    <cmdty:id>EUR</cmdty:id>
  </act:commodity>
  <act:commodity-scu>100</act:commodity-scu>
  <act:parent type="guid">3b0e56552514420da0e2cec300f64ce6</act:parent>
</gnc:account>
<gnc:account version="2.0.0">
  <act:name>Forderungen</act:name>
  <act:id type="guid">74401ce4880c4f4487c4301027a71bde</act:id>
  <act:type>ASSET</act:type>
  <act:commodity>
    <cmdty:space>CURRENCY</cmdty:space>
    <cmdty:id>EUR</cmdty:id>
  </act:commodity>
  <act:commodity-scu>100</act:commodity-scu>
  <act:parent type="guid">3b0e56552514420da0e2cec300f64ce6</act:parent>
</gnc:account>
<gnc:account version="2.0.0">
  <act:name>Unfug_Quatsch</act:name>
  <act:id type="guid">7e223ee2260d4ba28e8e9e19ce291f43</act:id>
  <act:type>RECEIVABLE</act:type>
  <act:commodity>
    <cmdty:space>CURRENCY</cmdty:space>
    <cmdty:id>EUR</cmdty:id>
  </act:commodity>
  <act:commodity-scu>100</act:commodity-scu>
  <act:parent type="guid">74401ce4880c4f4487c4301027a71bde</act:parent>
  <act:lots>
    <gnc:lot version="2.0.0">
      <lot:id type="guid">c183bc9303484e75945af1324d18e8cc</lot:id>
      <lot:slots>
        <slot>
          <slot:key>gncInvoice</slot:key>
          <slot:value type="frame">
            <slot>
              <slot:key>invoice-guid</slot:key>
              <slot:value type="guid">d9967c10fdf1465e9394a3e4b1e7bd79</slot:value>
            </slot>
          </slot:value>
        </slot>
        <slot>
          <slot:key>title</slot:key>
          <slot:value type="string">Rechnung R1730</slot:value>
        </slot>
      </lot:slots>
    </gnc:lot>
    <gnc:lot version="2.0.0">
      <lot:id type="guid">c9a34ac416b8456ea84d7f19cca341d6</lot:id>
      <lot:slots>
        <slot>
          <slot:key>gncInvoice</slot:key>
          <slot:value type="frame">
            <slot>
              <slot:key>invoice-guid</slot:key>
              <slot:value type="guid">6588f1757b9e4e24b62ad5b37b8d8e07</slot:value>
            </slot>
          </slot:value>
        </slot>
        <slot>
          <slot:key>title</slot:key>
          <slot:value type="string">Rechnung R1731</slot:value>
        </slot>
      </lot:slots>
    </gnc:lot>
  </act:lots>
</gnc:account>
<gnc:account version="2.0.0">
  <act:name>Kunde_2</act:name>
  <act:id type="guid">293e37c21e6b4b46b486597c1cf99a86</act:id>
  <act:type>RECEIVABLE</act:type>
  <act:commodity>
    <cmdty:space>CURRENCY</cmdty:space>
    <cmdty:id>EUR</cmdty:id>
  </act:commodity>
  <act:commodity-scu>100</act:commodity-scu>
  <act:parent type="guid">74401ce4880c4f4487c4301027a71bde</act:parent>
</gnc:account>
<gnc:account version="2.0.0">
  <act:name>sonstige</act:name>
  <act:id type="guid">ee7561449e61448fb8fefdc27a35d559</act:id>
  <act:type>RECEIVABLE</act:type>
  <act:commodity>
    <cmdty:space>CURRENCY</cmdty:space>
    <cmdty:id>EUR</cmdty:id>
  </act:commodity>
  <act:commodity-scu>100</act:commodity-scu>
  <act:parent type="guid">74401ce4880c4f4487c4301027a71bde</act:parent>
</gnc:account>
<gnc:account version="2.0.0">
  <act:name>Kassen</act:name>
  <act:id type="guid">3f32b1e5c5154bb9ac408bb0f749e970</act:id>
  <act:type>ASSET</act:type>
  <act:commodity>
    <cmdty:space>CURRENCY</cmdty:space>
    <cmdty:id>EUR</cmdty:id>
  </act:commodity>
  <act:commodity-scu>100</act:commodity-scu>
  <act:slots>
    <slot>
      <slot:key>placeholder</slot:key>
      <slot:value type="string">true</slot:value>
    </slot>
  </act:slots>
  <act:parent type="guid">3b0e56552514420da0e2cec300f64ce6</act:parent>
</gnc:account>
<gnc:account version="2.0.0">
  <act:name>Kasse Bodo</act:name>
  <act:id type="guid">3df08e60391d4fc3888a5fe5f91e7252</act:id>
  <act:type>ASSET</act:type>
  <act:commodity>
    <cmdty:space>CURRENCY</cmdty:space>
    <cmdty:id>EUR</cmdty:id>
  </act:commodity>
  <act:commodity-scu>100</act:commodity-scu>
  <act:parent type="guid">3f32b1e5c5154bb9ac408bb0f749e970</act:parent>
</gnc:account>
<gnc:account version="2.0.0">
  <act:name>Kasse Ada</act:name>
  <act:id type="guid">e617cfd1317b4e318caf5dfba51b172e</act:id>
  <act:type>ASSET</act:type>
  <act:commodity>
    <cmdty:space>CURRENCY</cmdty:space>
    <cmdty:id>EUR</cmdty:id>
  </act:commodity>
  <act:commodity-scu>100</act:commodity-scu>
  <act:parent type="guid">3f32b1e5c5154bb9ac408bb0f749e970</act:parent>
</gnc:account>
<gnc:account version="2.0.0">
  <act:name>Erträge</act:name>
  <act:id type="guid">a4cd5c75d9f44370bce02592fda63ae2</act:id>
  <act:type>INCOME</act:type>
  <act:commodity>
    <cmdty:space>CURRENCY</cmdty:space>
    <cmdty:id>EUR</cmdty:id>
  </act:commodity>
  <act:commodity-scu>100</act:commodity-scu>
  <act:description>Erträge</act:description>
  <act:slots>
    <slot>
      <slot:key>placeholder</slot:key>
      <slot:value type="string">true</slot:value>
    </slot>
  </act:slots>
  <act:parent type="guid">14305dc80e034834b3f531696d81b493</act:parent>
</gnc:account>
<gnc:account version="2.0.0">
  <act:name>Gehalt</act:name>
  <act:id type="guid">9cf1e0386cb14cd19f66ea90ad7856ba</act:id>
  <act:type>INCOME</act:type>
  <act:commodity>
    <cmdty:space>CURRENCY</cmdty:space>
    <cmdty:id>EUR</cmdty:id>
  </act:commodity>
  <act:commodity-scu>100</act:commodity-scu>
  <act:description>Gehalt und Zulagen</act:description>
  <act:slots>
    <slot>
      <slot:key>placeholder</slot:key>
      <slot:value type="string">true</slot:value>
    </slot>
  </act:slots>
  <act:parent type="guid">a4cd5c75d9f44370bce02592fda63ae2</act:parent>
</gnc:account>
<gnc:account version="2.0.0">
  <act:name>Gehalt</act:name>
  <act:id type="guid">79dc5683ff7440bda747c21d9b73e7d0</act:id>
  <act:type>INCOME</act:type>
  <act:commodity>
    <cmdty:space>CURRENCY</cmdty:space>
    <cmdty:id>EUR</cmdty:id>
  </act:commodity>
  <act:commodity-scu>100</act:commodity-scu>
  <act:description>Gehalt</act:description>
  <act:parent type="guid">9cf1e0386cb14cd19f66ea90ad7856ba</act:parent>
</gnc:account>
<gnc:account version="2.0.0">
  <act:name>Zulagen</act:name>
  <act:id type="guid">5bf9465931fc4536bc9737602b200c79</act:id>
  <act:type>INCOME</act:type>
  <act:commodity>
    <cmdty:space>CURRENCY</cmdty:space>
    <cmdty:id>EUR</cmdty:id>
  </act:commodity>
  <act:commodity-scu>100</act:commodity-scu>
  <act:description>Zulagen und Bonus zum Gehalt</act:description>
  <act:parent type="guid">9cf1e0386cb14cd19f66ea90ad7856ba</act:parent>
</gnc:account>
<gnc:account version="2.0.0">
  <act:name>Geschenke</act:name>
  <act:id type="guid">ee77765f229542b1843e358df89a4e2b</act:id>
  <act:type>INCOME</act:type>
  <act:commodity>
    <cmdty:space>CURRENCY</cmdty:space>
    <cmdty:id>EUR</cmdty:id>
  </act:commodity>
  <act:commodity-scu>100</act:commodity-scu>
  <act:description>Empfangene Geschenke</act:description>
  <act:parent type="guid">a4cd5c75d9f44370bce02592fda63ae2</act:parent>
</gnc:account>
<gnc:account version="2.0.0">
  <act:name>Sonstiges</act:name>
  <act:id type="guid">fed745c4da5c49ebb0fde0f47222b35b</act:id>
  <act:type>INCOME</act:type>
  <act:commodity>
    <cmdty:space>CURRENCY</cmdty:space>
    <cmdty:id>EUR</cmdty:id>
  </act:commodity>
  <act:commodity-scu>100</act:commodity-scu>
  <act:description>Sonstige Erträge</act:description>
  <act:parent type="guid">a4cd5c75d9f44370bce02592fda63ae2</act:parent>
</gnc:account>
<gnc:account version="2.0.0">
  <act:name>Honorar</act:name>
  <act:id type="guid">690f25c6ef0649cba836529ba6724f78</act:id>
  <act:type>INCOME</act:type>
  <act:commodity>
    <cmdty:space>CURRENCY</cmdty:space>
    <cmdty:id>EUR</cmdty:id>
  </act:commodity>
  <act:commodity-scu>100</act:commodity-scu>
  <act:parent type="guid">a4cd5c75d9f44370bce02592fda63ae2</act:parent>
</gnc:account>
<gnc:account version="2.0.0">
  <act:name>Kapitalertraege</act:name>
  <act:id type="guid">d81fd0a20c01452aa009db11647d6477</act:id>
  <act:type>INCOME</act:type>
  <act:commodity>
    <cmdty:space>CURRENCY</cmdty:space>
    <cmdty:id>EUR</cmdty:id>
  </act:commodity>
  <act:commodity-scu>100</act:commodity-scu>
  <act:slots>
    <slot>
      <slot:key>placeholder</slot:key>
      <slot:value type="string">true</slot:value>
    </slot>
  </act:slots>
  <act:parent type="guid">a4cd5c75d9f44370bce02592fda63ae2</act:parent>
</gnc:account>
<gnc:account version="2.0.0">
  <act:name>Zinsen</act:name>
  <act:id type="guid">5c19955b95f44d9a9ba7aa5eb4b02c9a</act:id>
  <act:type>INCOME</act:type>
  <act:commodity>
    <cmdty:space>CURRENCY</cmdty:space>
    <cmdty:id>EUR</cmdty:id>
  </act:commodity>
  <act:commodity-scu>100</act:commodity-scu>
  <act:description>Zinseinkommen</act:description>
  <act:slots>
    <slot>
      <slot:key>placeholder</slot:key>
      <slot:value type="string">true</slot:value>
    </slot>
  </act:slots>
  <act:parent type="guid">d81fd0a20c01452aa009db11647d6477</act:parent>
</gnc:account>
<gnc:account version="2.0.0">
  <act:name>Bausparvertrag</act:name>
  <act:id type="guid">985e3b28568343f4a72a384126b7eae3</act:id>
  <act:type>INCOME</act:type>
  <act:commodity>
    <cmdty:space>CURRENCY</cmdty:space>
    <cmdty:id>EUR</cmdty:id>
  </act:commodity>
  <act:commodity-scu>100</act:commodity-scu>
  <act:description>Bausparvertrag Zinsen</act:description>
  <act:parent type="guid">5c19955b95f44d9a9ba7aa5eb4b02c9a</act:parent>
</gnc:account>
<gnc:account version="2.0.0">
  <act:name>Festgeld</act:name>
  <act:id type="guid">5cfb19456b3d44c9950e48cacfb3bd3b</act:id>
  <act:type>INCOME</act:type>
  <act:commodity>
    <cmdty:space>CURRENCY</cmdty:space>
    <cmdty:id>EUR</cmdty:id>
  </act:commodity>
  <act:commodity-scu>100</act:commodity-scu>
  <act:description>Festgeld Zinsen</act:description>
  <act:parent type="guid">5c19955b95f44d9a9ba7aa5eb4b02c9a</act:parent>
</gnc:account>
<gnc:account version="2.0.0">
  <act:name>Investmentfonds</act:name>
  <act:id type="guid">150957ac8a984d8e89dce93b2cf5ea52</act:id>
  <act:type>INCOME</act:type>
  <act:commodity>
    <cmdty:space>CURRENCY</cmdty:space>
    <cmdty:id>EUR</cmdty:id>
  </act:commodity>
  <act:commodity-scu>100</act:commodity-scu>
  <act:description>Investmentfonds Zinsen</act:description>
  <act:parent type="guid">5c19955b95f44d9a9ba7aa5eb4b02c9a</act:parent>
</gnc:account>
<gnc:account version="2.0.0">
  <act:name>Girokonto</act:name>
  <act:id type="guid">e2bad3d8d83b4fa3a38ae9f8d1beba5a</act:id>
  <act:type>INCOME</act:type>
  <act:commodity>
    <cmdty:space>CURRENCY</cmdty:space>
    <cmdty:id>EUR</cmdty:id>
  </act:commodity>
  <act:commodity-scu>100</act:commodity-scu>
  <act:description>Girokonto Zinsen</act:description>
  <act:parent type="guid">5c19955b95f44d9a9ba7aa5eb4b02c9a</act:parent>
</gnc:account>
<gnc:account version="2.0.0">
  <act:name>Sonstige</act:name>
  <act:id type="guid">407c68ed3767415cbb9377e490450542</act:id>
  <act:type>INCOME</act:type>
  <act:commodity>
    <cmdty:space>CURRENCY</cmdty:space>
    <cmdty:id>EUR</cmdty:id>
  </act:commodity>
  <act:commodity-scu>100</act:commodity-scu>
  <act:description>Sonstige Zinsen</act:description>
  <act:parent type="guid">5c19955b95f44d9a9ba7aa5eb4b02c9a</act:parent>
</gnc:account>
<gnc:account version="2.0.0">
  <act:name>Sparkonto</act:name>
  <act:id type="guid">5105420aab3d44618523c7566194c679</act:id>
  <act:type>INCOME</act:type>
  <act:commodity>
    <cmdty:space>CURRENCY</cmdty:space>
    <cmdty:id>EUR</cmdty:id>
  </act:commodity>
  <act:commodity-scu>100</act:commodity-scu>
  <act:description>Sparkonto Zinsen</act:description>
  <act:parent type="guid">5c19955b95f44d9a9ba7aa5eb4b02c9a</act:parent>
</gnc:account>
<gnc:account version="2.0.0">
  <act:name>Dividenden</act:name>
  <act:id type="guid">da2b964bc1b044719c598bd41f404c71</act:id>
  <act:type>INCOME</act:type>
  <act:commodity>
    <cmdty:space>CURRENCY</cmdty:space>
    <cmdty:id>EUR</cmdty:id>
  </act:commodity>
  <act:commodity-scu>100</act:commodity-scu>
  <act:slots>
    <slot>
      <slot:key>placeholder</slot:key>
      <slot:value type="string">true</slot:value>
    </slot>
  </act:slots>
  <act:parent type="guid">d81fd0a20c01452aa009db11647d6477</act:parent>
</gnc:account>
<gnc:account version="2.0.0">
  <act:name>Inland</act:name>
  <act:id type="guid">d7c384bfc136464490965f3f254313b1</act:id>
  <act:type>INCOME</act:type>
  <act:commodity>
    <cmdty:space>CURRENCY</cmdty:space>
    <cmdty:id>EUR</cmdty:id>
  </act:commodity>
  <act:commodity-scu>100</act:commodity-scu>
  <act:description>Dividenden</act:description>
  <act:parent type="guid">da2b964bc1b044719c598bd41f404c71</act:parent>
</gnc:account>
<gnc:account version="2.0.0">
  <act:name>Ausland</act:name>
  <act:id type="guid">c41ca0148f9048968c66c2d392e2cebc</act:id>
  <act:type>INCOME</act:type>
  <act:commodity>
    <cmdty:space>CURRENCY</cmdty:space>
    <cmdty:id>EUR</cmdty:id>
  </act:commodity>
  <act:commodity-scu>100</act:commodity-scu>
  <act:parent type="guid">da2b964bc1b044719c598bd41f404c71</act:parent>
</gnc:account>
<gnc:account version="2.0.0">
  <act:name>Gewinne</act:name>
  <act:id type="guid">04c305488604443ea7c668f9f30cf8dd</act:id>
  <act:type>INCOME</act:type>
  <act:commodity>
    <cmdty:space>CURRENCY</cmdty:space>
    <cmdty:id>EUR</cmdty:id>
  </act:commodity>
  <act:commodity-scu>100</act:commodity-scu>
  <act:slots>
    <slot>
      <slot:key>balance-limit</slot:key>
      <slot:value type="frame"/>
    </slot>
    <slot>
      <slot:key>placeholder</slot:key>
      <slot:value type="string">true</slot:value>
    </slot>
  </act:slots>
  <act:parent type="guid">d81fd0a20c01452aa009db11647d6477</act:parent>
</gnc:account>
<gnc:account version="2.0.0">
  <act:name>real</act:name>
  <act:id type="guid">9dbad1fda79644b0916154b404f84763</act:id>
  <act:type>INCOME</act:type>
  <act:commodity>
    <cmdty:space>CURRENCY</cmdty:space>
    <cmdty:id>EUR</cmdty:id>
  </act:commodity>
  <act:commodity-scu>100</act:commodity-scu>
  <act:description>realisierte Gewinne</act:description>
  <act:slots>
    <slot>
      <slot:key>balance-limit</slot:key>
      <slot:value type="frame"/>
    </slot>
  </act:slots>
  <act:parent type="guid">04c305488604443ea7c668f9f30cf8dd</act:parent>
</gnc:account>
<gnc:account version="2.0.0">
  <act:name>Aufwendungen</act:name>
  <act:id type="guid">23aa4227ddda457592998d18f888a662</act:id>
  <act:type>EXPENSE</act:type>
  <act:commodity>
    <cmdty:space>CURRENCY</cmdty:space>
    <cmdty:id>EUR</cmdty:id>
  </act:commodity>
  <act:commodity-scu>100</act:commodity-scu>
  <act:description>Aufwendungen</act:description>
  <act:slots>
    <slot>
      <slot:key>placeholder</slot:key>
      <slot:value type="string">true</slot:value>
    </slot>
  </act:slots>
  <act:parent type="guid">14305dc80e034834b3f531696d81b493</act:parent>
</gnc:account>
<gnc:account version="2.0.0">
  <act:name>Versicherungen</act:name>
  <act:id type="guid">e92313af9d344c939a084f8b6aa452b9</act:id>
  <act:type>EXPENSE</act:type>
  <act:commodity>
    <cmdty:space>CURRENCY</cmdty:space>
    <cmdty:id>EUR</cmdty:id>
  </act:commodity>
  <act:commodity-scu>100</act:commodity-scu>
  <act:description>Versicherungen</act:description>
  <act:slots>
    <slot>
      <slot:key>placeholder</slot:key>
      <slot:value type="string">true</slot:value>
    </slot>
  </act:slots>
  <act:parent type="guid">23aa4227ddda457592998d18f888a662</act:parent>
</gnc:account>
<gnc:account version="2.0.0">
  <act:name>Lebensversicherung</act:name>
  <act:id type="guid">576aeb698e524b9a88e548efec097c48</act:id>
  <act:type>EXPENSE</act:type>
  <act:commodity>
    <cmdty:space>CURRENCY</cmdty:space>
    <cmdty:id>EUR</cmdty:id>
  </act:commodity>
  <act:commodity-scu>100</act:commodity-scu>
  <act:description>Lebensversicherung</act:description>
  <act:parent type="guid">e92313af9d344c939a084f8b6aa452b9</act:parent>
</gnc:account>
<gnc:account version="2.0.0">
  <act:name>Haftpflicht</act:name>
  <act:id type="guid">038dea402d134180a6a3ca748c9f6b4d</act:id>
  <act:type>EXPENSE</act:type>
  <act:commodity>
    <cmdty:space>CURRENCY</cmdty:space>
    <cmdty:id>EUR</cmdty:id>
  </act:commodity>
  <act:commodity-scu>100</act:commodity-scu>
  <act:description>Haftpflichtversicherung</act:description>
  <act:parent type="guid">e92313af9d344c939a084f8b6aa452b9</act:parent>
</gnc:account>
<gnc:account version="2.0.0">
  <act:name>Krankenversicherung</act:name>
  <act:id type="guid">c258aa23358040a08fcfe1efad2a906c</act:id>
  <act:type>EXPENSE</act:type>
  <act:commodity>
    <cmdty:space>CURRENCY</cmdty:space>
    <cmdty:id>EUR</cmdty:id>
  </act:commodity>
  <act:commodity-scu>100</act:commodity-scu>
  <act:description>Krankenversicherung</act:description>
  <act:parent type="guid">e92313af9d344c939a084f8b6aa452b9</act:parent>
</gnc:account>
<gnc:account version="2.0.0">
  <act:name>Bildung</act:name>
  <act:id type="guid">e7884c844e19475cb907d88939d90af0</act:id>
  <act:type>EXPENSE</act:type>
  <act:commodity>
    <cmdty:space>CURRENCY</cmdty:space>
    <cmdty:id>EUR</cmdty:id>
  </act:commodity>
  <act:commodity-scu>100</act:commodity-scu>
  <act:description>Bildung</act:description>
  <act:slots>
    <slot>
      <slot:key>placeholder</slot:key>
      <slot:value type="string">true</slot:value>
    </slot>
  </act:slots>
  <act:parent type="guid">23aa4227ddda457592998d18f888a662</act:parent>
</gnc:account>
<gnc:account version="2.0.0">
  <act:name>Abonnements</act:name>
  <act:id type="guid">259f5cc9b6f4411a80e32697938f8c4e</act:id>
  <act:type>EXPENSE</act:type>
  <act:commodity>
    <cmdty:space>CURRENCY</cmdty:space>
    <cmdty:id>EUR</cmdty:id>
  </act:commodity>
  <act:commodity-scu>100</act:commodity-scu>
  <act:description>Abonnements</act:description>
  <act:parent type="guid">e7884c844e19475cb907d88939d90af0</act:parent>
</gnc:account>
<gnc:account version="2.0.0">
  <act:name>Bücher</act:name>
  <act:id type="guid">01efa7d55a4b4ac8958c0e4f43193072</act:id>
  <act:type>EXPENSE</act:type>
  <act:commodity>
    <cmdty:space>CURRENCY</cmdty:space>
    <cmdty:id>EUR</cmdty:id>
  </act:commodity>
  <act:commodity-scu>100</act:commodity-scu>
  <act:description>Bücher</act:description>
  <act:parent type="guid">e7884c844e19475cb907d88939d90af0</act:parent>
</gnc:account>
<gnc:account version="2.0.0">
  <act:name>Büroartikel</act:name>
  <act:id type="guid">7baa658d697e4dfc8a4bf19f8cdd9fee</act:id>
  <act:type>EXPENSE</act:type>
  <act:commodity>
    <cmdty:space>CURRENCY</cmdty:space>
    <cmdty:id>EUR</cmdty:id>
  </act:commodity>
  <act:commodity-scu>100</act:commodity-scu>
  <act:description>Büroartikel</act:description>
  <act:parent type="guid">e7884c844e19475cb907d88939d90af0</act:parent>
</gnc:account>
<gnc:account version="2.0.0">
  <act:name>Zeitungen</act:name>
  <act:id type="guid">0c405f3669a14606be3c1a62ac5455a9</act:id>
  <act:type>EXPENSE</act:type>
  <act:commodity>
    <cmdty:space>CURRENCY</cmdty:space>
    <cmdty:id>EUR</cmdty:id>
  </act:commodity>
  <act:commodity-scu>100</act:commodity-scu>
  <act:description>Zeitungen</act:description>
  <act:parent type="guid">e7884c844e19475cb907d88939d90af0</act:parent>
</gnc:account>
<gnc:account version="2.0.0">
  <act:name>Computer</act:name>
  <act:id type="guid">16305960bddc463aa18212dd4f230d4d</act:id>
  <act:type>EXPENSE</act:type>
  <act:commodity>
    <cmdty:space>CURRENCY</cmdty:space>
    <cmdty:id>EUR</cmdty:id>
  </act:commodity>
  <act:commodity-scu>100</act:commodity-scu>
  <act:description>Computer</act:description>
  <act:parent type="guid">23aa4227ddda457592998d18f888a662</act:parent>
</gnc:account>
<gnc:account version="2.0.0">
  <act:name>Fahrtkosten</act:name>
  <act:id type="guid">de925f1e498f4fe7be8a9fc3f7904d4f</act:id>
  <act:type>EXPENSE</act:type>
  <act:commodity>
    <cmdty:space>CURRENCY</cmdty:space>
    <cmdty:id>EUR</cmdty:id>
  </act:commodity>
  <act:commodity-scu>100</act:commodity-scu>
  <act:description>Fahrtkosten</act:description>
  <act:slots>
    <slot>
      <slot:key>placeholder</slot:key>
      <slot:value type="string">true</slot:value>
    </slot>
  </act:slots>
  <act:parent type="guid">23aa4227ddda457592998d18f888a662</act:parent>
</gnc:account>
<gnc:account version="2.0.0">
  <act:name>Fahrkarten</act:name>
  <act:id type="guid">6eecbc4eda71495982a0710bd14dccef</act:id>
  <act:type>EXPENSE</act:type>
  <act:commodity>
    <cmdty:space>CURRENCY</cmdty:space>
    <cmdty:id>EUR</cmdty:id>
  </act:commodity>
  <act:commodity-scu>100</act:commodity-scu>
  <act:description>Fahrkarten Bus, Bahn, Flugzeug</act:description>
  <act:parent type="guid">de925f1e498f4fe7be8a9fc3f7904d4f</act:parent>
</gnc:account>
<gnc:account version="2.0.0">
  <act:name>Geschenke</act:name>
  <act:id type="guid">e93bd8a244c94de9bb4d5c3cb6749bf1</act:id>
  <act:type>EXPENSE</act:type>
  <act:commodity>
    <cmdty:space>CURRENCY</cmdty:space>
    <cmdty:id>EUR</cmdty:id>
  </act:commodity>
  <act:commodity-scu>100</act:commodity-scu>
  <act:description>Geschenke</act:description>
  <act:parent type="guid">23aa4227ddda457592998d18f888a662</act:parent>
</gnc:account>
<gnc:account version="2.0.0">
  <act:name>Hobbies</act:name>
  <act:id type="guid">1910dacc276e4dff8cb378db008175e6</act:id>
  <act:type>EXPENSE</act:type>
  <act:commodity>
    <cmdty:space>CURRENCY</cmdty:space>
    <cmdty:id>EUR</cmdty:id>
  </act:commodity>
  <act:commodity-scu>100</act:commodity-scu>
  <act:description>Hobbies</act:description>
  <act:parent type="guid">23aa4227ddda457592998d18f888a662</act:parent>
</gnc:account>
<gnc:account version="2.0.0">
  <act:name>Kleidung</act:name>
  <act:id type="guid">6ee78c2b61ff4bc2bf79c1f390823bc3</act:id>
  <act:type>EXPENSE</act:type>
  <act:commodity>
    <cmdty:space>CURRENCY</cmdty:space>
    <cmdty:id>EUR</cmdty:id>
  </act:commodity>
  <act:commodity-scu>100</act:commodity-scu>
  <act:description>Kleidung</act:description>
  <act:parent type="guid">23aa4227ddda457592998d18f888a662</act:parent>
</gnc:account>
<gnc:account version="2.0.0">
  <act:name>Lebensmittel</act:name>
  <act:id type="guid">6cab02f92c144dbba1656dca1517f461</act:id>
  <act:type>EXPENSE</act:type>
  <act:commodity>
    <cmdty:space>CURRENCY</cmdty:space>
    <cmdty:id>EUR</cmdty:id>
  </act:commodity>
  <act:commodity-scu>100</act:commodity-scu>
  <act:description>Lebensmittel</act:description>
  <act:parent type="guid">23aa4227ddda457592998d18f888a662</act:parent>
</gnc:account>
<gnc:account version="2.0.0">
  <act:name>Medikamente</act:name>
  <act:id type="guid">dc79d08ecbcb4a6c8cdb933af964a1ce</act:id>
  <act:type>EXPENSE</act:type>
  <act:commodity>
    <cmdty:space>CURRENCY</cmdty:space>
    <cmdty:id>EUR</cmdty:id>
  </act:commodity>
  <act:commodity-scu>100</act:commodity-scu>
  <act:description>Medikamente</act:description>
  <act:parent type="guid">23aa4227ddda457592998d18f888a662</act:parent>
</gnc:account>
<gnc:account version="2.0.0">
  <act:name>Sonstiges</act:name>
  <act:id type="guid">7d4c7bf08901493ab346cc24595fdb97</act:id>
  <act:type>EXPENSE</act:type>
  <act:commodity>
    <cmdty:space>CURRENCY</cmdty:space>
    <cmdty:id>EUR</cmdty:id>
  </act:commodity>
  <act:commodity-scu>100</act:commodity-scu>
  <act:description>Sonstiges</act:description>
  <act:slots>
    <slot>
      <slot:key>placeholder</slot:key>
      <slot:value type="string">true</slot:value>
    </slot>
  </act:slots>
  <act:parent type="guid">23aa4227ddda457592998d18f888a662</act:parent>
</gnc:account>
<gnc:account version="2.0.0">
  <act:name>Bankgebühren</act:name>
  <act:id type="guid">d3f947fdfbf54240b0cfb09fea4963ca</act:id>
  <act:type>EXPENSE</act:type>
  <act:commodity>
    <cmdty:space>CURRENCY</cmdty:space>
    <cmdty:id>EUR</cmdty:id>
  </act:commodity>
  <act:commodity-scu>100</act:commodity-scu>
  <act:description>Konto- und Bankgebühren</act:description>
  <act:parent type="guid">7d4c7bf08901493ab346cc24595fdb97</act:parent>
</gnc:account>
<gnc:account version="2.0.0">
  <act:name>Sonstiges</act:name>
  <act:id type="guid">a11c860ad3c54a07a25020941685f970</act:id>
  <act:type>EXPENSE</act:type>
  <act:commodity>
    <cmdty:space>CURRENCY</cmdty:space>
    <cmdty:id>EUR</cmdty:id>
  </act:commodity>
  <act:commodity-scu>100</act:commodity-scu>
  <act:description>nicht aufgegliederte Ausgaben</act:description>
  <act:parent type="guid">7d4c7bf08901493ab346cc24595fdb97</act:parent>
</gnc:account>
<gnc:account version="2.0.0">
  <act:name>Komissionen</act:name>
  <act:id type="guid">2e1273453a4d4cbba016379287964104</act:id>
  <act:type>EXPENSE</act:type>
  <act:commodity>
    <cmdty:space>CURRENCY</cmdty:space>
    <cmdty:id>EUR</cmdty:id>
  </act:commodity>
  <act:commodity-scu>100</act:commodity-scu>
  <act:description>Komissionen im Aktienhandel</act:description>
  <act:parent type="guid">7d4c7bf08901493ab346cc24595fdb97</act:parent>
</gnc:account>
<gnc:account version="2.0.0">
  <act:name>Spenden</act:name>
  <act:id type="guid">6c69d149ad5946fcad59cddeef67d8a0</act:id>
  <act:type>EXPENSE</act:type>
  <act:commodity>
    <cmdty:space>CURRENCY</cmdty:space>
    <cmdty:id>EUR</cmdty:id>
  </act:commodity>
  <act:commodity-scu>100</act:commodity-scu>
  <act:description>Wohltätige Spenden</act:description>
  <act:parent type="guid">23aa4227ddda457592998d18f888a662</act:parent>
</gnc:account>
<gnc:account version="2.0.0">
  <act:name>Steuern</act:name>
  <act:id type="guid">4681684348c64a10bac7f6e82a07f7d6</act:id>
  <act:type>EXPENSE</act:type>
  <act:commodity>
    <cmdty:space>CURRENCY</cmdty:space>
    <cmdty:id>EUR</cmdty:id>
  </act:commodity>
  <act:commodity-scu>100</act:commodity-scu>
  <act:description>Steuern und Sozialabgaben</act:description>
  <act:slots>
    <slot>
      <slot:key>placeholder</slot:key>
      <slot:value type="string">true</slot:value>
    </slot>
  </act:slots>
  <act:parent type="guid">23aa4227ddda457592998d18f888a662</act:parent>
</gnc:account>
<gnc:account version="2.0.0">
  <act:name>Einkommensteuer</act:name>
  <act:id type="guid">9a21167546e6423e8f310b18b8b9c113</act:id>
  <act:type>EXPENSE</act:type>
  <act:commodity>
    <cmdty:space>CURRENCY</cmdty:space>
    <cmdty:id>EUR</cmdty:id>
  </act:commodity>
  <act:commodity-scu>100</act:commodity-scu>
  <act:description>Einkommensteuer</act:description>
  <act:parent type="guid">4681684348c64a10bac7f6e82a07f7d6</act:parent>
</gnc:account>
<gnc:account version="2.0.0">
  <act:name>Pflegeversicherung</act:name>
  <act:id type="guid">dfca94d707d44891ae08667267efaecd</act:id>
  <act:type>EXPENSE</act:type>
  <act:commodity>
    <cmdty:space>CURRENCY</cmdty:space>
    <cmdty:id>EUR</cmdty:id>
  </act:commodity>
  <act:commodity-scu>100</act:commodity-scu>
  <act:description>Pflegeversicherung</act:description>
  <act:parent type="guid">4681684348c64a10bac7f6e82a07f7d6</act:parent>
</gnc:account>
<gnc:account version="2.0.0">
  <act:name>Rentenversicherung</act:name>
  <act:id type="guid">b42dd58dc4774514b19a81f1066a0453</act:id>
  <act:type>EXPENSE</act:type>
  <act:commodity>
    <cmdty:space>CURRENCY</cmdty:space>
    <cmdty:id>EUR</cmdty:id>
  </act:commodity>
  <act:commodity-scu>100</act:commodity-scu>
  <act:description>Rentenversicherung</act:description>
  <act:parent type="guid">4681684348c64a10bac7f6e82a07f7d6</act:parent>
</gnc:account>
<gnc:account version="2.0.0">
  <act:name>Solidaritätszuschlag</act:name>
  <act:id type="guid">41e998de2af144c7a9db5049fb677f8a</act:id>
  <act:type>EXPENSE</act:type>
  <act:commodity>
    <cmdty:space>CURRENCY</cmdty:space>
    <cmdty:id>EUR</cmdty:id>
  </act:commodity>
  <act:commodity-scu>100</act:commodity-scu>
  <act:description>Solidaritätszuschlag</act:description>
  <act:parent type="guid">4681684348c64a10bac7f6e82a07f7d6</act:parent>
</gnc:account>
<gnc:account version="2.0.0">
  <act:name>Sonstige</act:name>
  <act:id type="guid">dce93b2f38df47ceb6ae343a9d16f73b</act:id>
  <act:type>EXPENSE</act:type>
  <act:commodity>
    <cmdty:space>CURRENCY</cmdty:space>
    <cmdty:id>EUR</cmdty:id>
  </act:commodity>
  <act:commodity-scu>100</act:commodity-scu>
  <act:description>Sonstige Steuern</act:description>
  <act:parent type="guid">4681684348c64a10bac7f6e82a07f7d6</act:parent>
</gnc:account>
<gnc:account version="2.0.0">
  <act:name>Sozialabgaben</act:name>
  <act:id type="guid">7b88cc67d2a1482c8a91c6ec34803455</act:id>
  <act:type>EXPENSE</act:type>
  <act:commodity>
    <cmdty:space>CURRENCY</cmdty:space>
    <cmdty:id>EUR</cmdty:id>
  </act:commodity>
  <act:commodity-scu>100</act:commodity-scu>
  <act:description>Sonstige Sozialabgaben</act:description>
  <act:parent type="guid">4681684348c64a10bac7f6e82a07f7d6</act:parent>
</gnc:account>
<gnc:account version="2.0.0">
  <act:name>Kapitalertrag</act:name>
  <act:id type="guid">2a195872e24048a0a6228107ca8b6a52</act:id>
  <act:type>EXPENSE</act:type>
  <act:commodity>
    <cmdty:space>CURRENCY</cmdty:space>
    <cmdty:id>EUR</cmdty:id>
  </act:commodity>
  <act:commodity-scu>100</act:commodity-scu>
  <act:parent type="guid">4681684348c64a10bac7f6e82a07f7d6</act:parent>
</gnc:account>
<gnc:account version="2.0.0">
  <act:name>Telekommunikation</act:name>
  <act:id type="guid">f3cef83e70a84066ba91719df5a40884</act:id>
  <act:type>EXPENSE</act:type>
  <act:commodity>
    <cmdty:space>CURRENCY</cmdty:space>
    <cmdty:id>EUR</cmdty:id>
  </act:commodity>
  <act:commodity-scu>100</act:commodity-scu>
  <act:description>Telekommunikation</act:description>
  <act:slots>
    <slot>
      <slot:key>placeholder</slot:key>
      <slot:value type="string">true</slot:value>
    </slot>
  </act:slots>
  <act:parent type="guid">23aa4227ddda457592998d18f888a662</act:parent>
</gnc:account>
<gnc:account version="2.0.0">
  <act:name>Fernsehen</act:name>
  <act:id type="guid">aa8e4dac1bd141468c1eca045598a52b</act:id>
  <act:type>EXPENSE</act:type>
  <act:commodity>
    <cmdty:space>CURRENCY</cmdty:space>
    <cmdty:id>EUR</cmdty:id>
  </act:commodity>
  <act:commodity-scu>100</act:commodity-scu>
  <act:description>GEZ und Kabelfernsehen</act:description>
  <act:parent type="guid">f3cef83e70a84066ba91719df5a40884</act:parent>
</gnc:account>
<gnc:account version="2.0.0">
  <act:name>Online-Dienste</act:name>
  <act:id type="guid">dc74d3fb6de84c4bad17f847c6a91f30</act:id>
  <act:type>EXPENSE</act:type>
  <act:commodity>
    <cmdty:space>CURRENCY</cmdty:space>
    <cmdty:id>EUR</cmdty:id>
  </act:commodity>
  <act:commodity-scu>100</act:commodity-scu>
  <act:description>Online-Dienste</act:description>
  <act:parent type="guid">f3cef83e70a84066ba91719df5a40884</act:parent>
</gnc:account>
<gnc:account version="2.0.0">
  <act:name>Telefon</act:name>
  <act:id type="guid">598eb8acb1834752ab503c3fe9ed6c99</act:id>
  <act:type>EXPENSE</act:type>
  <act:commodity>
    <cmdty:space>CURRENCY</cmdty:space>
    <cmdty:id>EUR</cmdty:id>
  </act:commodity>
  <act:commodity-scu>100</act:commodity-scu>
  <act:description>Telefon</act:description>
  <act:parent type="guid">f3cef83e70a84066ba91719df5a40884</act:parent>
</gnc:account>
<gnc:account version="2.0.0">
  <act:name>Unterhaltung</act:name>
  <act:id type="guid">caab27f7ee73491596b8fa76972555bb</act:id>
  <act:type>EXPENSE</act:type>
  <act:commodity>
    <cmdty:space>CURRENCY</cmdty:space>
    <cmdty:id>EUR</cmdty:id>
  </act:commodity>
  <act:commodity-scu>100</act:commodity-scu>
  <act:description>Unterhaltung</act:description>
  <act:slots>
    <slot>
      <slot:key>placeholder</slot:key>
      <slot:value type="string">true</slot:value>
    </slot>
  </act:slots>
  <act:parent type="guid">23aa4227ddda457592998d18f888a662</act:parent>
</gnc:account>
<gnc:account version="2.0.0">
  <act:name>Ausgehen</act:name>
  <act:id type="guid">684ae656c0cb44d68b34128156aef18a</act:id>
  <act:type>EXPENSE</act:type>
  <act:commodity>
    <cmdty:space>CURRENCY</cmdty:space>
    <cmdty:id>EUR</cmdty:id>
  </act:commodity>
  <act:commodity-scu>100</act:commodity-scu>
  <act:description>Auswärts Essen</act:description>
  <act:parent type="guid">caab27f7ee73491596b8fa76972555bb</act:parent>
</gnc:account>
<gnc:account version="2.0.0">
  <act:name>Musik/Kino</act:name>
  <act:id type="guid">da3d63bc020846d69eddc3b0ccbc3d47</act:id>
  <act:type>EXPENSE</act:type>
  <act:commodity>
    <cmdty:space>CURRENCY</cmdty:space>
    <cmdty:id>EUR</cmdty:id>
  </act:commodity>
  <act:commodity-scu>100</act:commodity-scu>
  <act:description>Musik/Kino</act:description>
  <act:parent type="guid">caab27f7ee73491596b8fa76972555bb</act:parent>
</gnc:account>
<gnc:account version="2.0.0">
  <act:name>Reisen</act:name>
  <act:id type="guid">2b5f38b679e848ee8e397a3a43ed0eb2</act:id>
  <act:type>EXPENSE</act:type>
  <act:commodity>
    <cmdty:space>CURRENCY</cmdty:space>
    <cmdty:id>EUR</cmdty:id>
  </act:commodity>
  <act:commodity-scu>100</act:commodity-scu>
  <act:description>Reisen</act:description>
  <act:parent type="guid">caab27f7ee73491596b8fa76972555bb</act:parent>
</gnc:account>
<gnc:account version="2.0.0">
  <act:name>Sport</act:name>
  <act:id type="guid">7425f95d8e4842b68b9682bfaf45c4eb</act:id>
  <act:type>EXPENSE</act:type>
  <act:commodity>
    <cmdty:space>CURRENCY</cmdty:space>
    <cmdty:id>EUR</cmdty:id>
  </act:commodity>
  <act:commodity-scu>100</act:commodity-scu>
  <act:description>Sport</act:description>
  <act:parent type="guid">caab27f7ee73491596b8fa76972555bb</act:parent>
</gnc:account>
<gnc:account version="2.0.0">
  <act:name>Wohnen</act:name>
  <act:id type="guid">0dc81059cae942ed87f4bb00683bde72</act:id>
  <act:type>EXPENSE</act:type>
  <act:commodity>
    <cmdty:space>CURRENCY</cmdty:space>
    <cmdty:id>EUR</cmdty:id>
  </act:commodity>
  <act:commodity-scu>100</act:commodity-scu>
  <act:description>Ausgaben für Wohnung/Haus</act:description>
  <act:slots>
    <slot>
      <slot:key>placeholder</slot:key>
      <slot:value type="string">true</slot:value>
    </slot>
  </act:slots>
  <act:parent type="guid">23aa4227ddda457592998d18f888a662</act:parent>
</gnc:account>
<gnc:account version="2.0.0">
  <act:name>Miete</act:name>
  <act:id type="guid">22a7432b85844c88bd023ba3c3ba72aa</act:id>
  <act:type>EXPENSE</act:type>
  <act:commodity>
    <cmdty:space>CURRENCY</cmdty:space>
    <cmdty:id>EUR</cmdty:id>
  </act:commodity>
  <act:commodity-scu>100</act:commodity-scu>
  <act:description>Miete</act:description>
  <act:parent type="guid">0dc81059cae942ed87f4bb00683bde72</act:parent>
</gnc:account>
<gnc:account version="2.0.0">
  <act:name>Nebenkosten</act:name>
  <act:id type="guid">8a54850637cd4002be59eefc68a3ab80</act:id>
  <act:type>EXPENSE</act:type>
  <act:commodity>
    <cmdty:space>CURRENCY</cmdty:space>
    <cmdty:id>EUR</cmdty:id>
  </act:commodity>
  <act:commodity-scu>100</act:commodity-scu>
  <act:description>Wohnnebenkosten</act:description>
  <act:slots>
    <slot>
      <slot:key>placeholder</slot:key>
      <slot:value type="string">true</slot:value>
    </slot>
  </act:slots>
  <act:parent type="guid">0dc81059cae942ed87f4bb00683bde72</act:parent>
</gnc:account>
<gnc:account version="2.0.0">
  <act:name>Abfall</act:name>
  <act:id type="guid">6a5db2c70fc04b4fa2e455d374c103cf</act:id>
  <act:type>EXPENSE</act:type>
  <act:commodity>
    <cmdty:space>CURRENCY</cmdty:space>
    <cmdty:id>EUR</cmdty:id>
  </act:commodity>
  <act:commodity-scu>100</act:commodity-scu>
  <act:description>Abfallentsorgung</act:description>
  <act:parent type="guid">8a54850637cd4002be59eefc68a3ab80</act:parent>
</gnc:account>
<gnc:account version="2.0.0">
  <act:name>Gas</act:name>
  <act:id type="guid">a30550e282814ee499f956626d69fb97</act:id>
  <act:type>EXPENSE</act:type>
  <act:commodity>
    <cmdty:space>CURRENCY</cmdty:space>
    <cmdty:id>EUR</cmdty:id>
  </act:commodity>
  <act:commodity-scu>100</act:commodity-scu>
  <act:description>Gas</act:description>
  <act:parent type="guid">8a54850637cd4002be59eefc68a3ab80</act:parent>
</gnc:account>
<gnc:account version="2.0.0">
  <act:name>Strom</act:name>
  <act:id type="guid">faba09b2115b40fea720d448d38acf95</act:id>
  <act:type>EXPENSE</act:type>
  <act:commodity>
    <cmdty:space>CURRENCY</cmdty:space>
    <cmdty:id>EUR</cmdty:id>
  </act:commodity>
  <act:commodity-scu>100</act:commodity-scu>
  <act:description>Strom</act:description>
  <act:parent type="guid">8a54850637cd4002be59eefc68a3ab80</act:parent>
</gnc:account>
<gnc:account version="2.0.0">
  <act:name>Wasser</act:name>
  <act:id type="guid">714995684aa34753acad6f6c40ecc517</act:id>
  <act:type>EXPENSE</act:type>
  <act:commodity>
    <cmdty:space>CURRENCY</cmdty:space>
    <cmdty:id>EUR</cmdty:id>
  </act:commodity>
  <act:commodity-scu>100</act:commodity-scu>
  <act:description>Wasser</act:description>
  <act:parent type="guid">8a54850637cd4002be59eefc68a3ab80</act:parent>
</gnc:account>
<gnc:account version="2.0.0">
  <act:name>Material</act:name>
  <act:id type="guid">3a4fe87c83ac4a1ba8c4d851ccd4d940</act:id>
  <act:type>EXPENSE</act:type>
  <act:commodity>
    <cmdty:space>CURRENCY</cmdty:space>
    <cmdty:id>EUR</cmdty:id>
  </act:commodity>
  <act:commodity-scu>100</act:commodity-scu>
  <act:parent type="guid">23aa4227ddda457592998d18f888a662</act:parent>
</gnc:account>
<gnc:account version="2.0.0">
  <act:name>Spesen</act:name>
  <act:id type="guid">626aa7a18ea840a69844ad612c28fe29</act:id>
  <act:type>EXPENSE</act:type>
  <act:commodity>
    <cmdty:space>CURRENCY</cmdty:space>
    <cmdty:id>EUR</cmdty:id>
  </act:commodity>
  <act:commodity-scu>100</act:commodity-scu>
  <act:parent type="guid">23aa4227ddda457592998d18f888a662</act:parent>
</gnc:account>
<gnc:account version="2.0.0">
  <act:name>Bank</act:name>
  <act:id type="guid">9bfa65815cdc4c0a99bb412dd590ee5b</act:id>
  <act:type>EXPENSE</act:type>
  <act:commodity>
    <cmdty:space>CURRENCY</cmdty:space>
    <cmdty:id>EUR</cmdty:id>
  </act:commodity>
  <act:commodity-scu>100</act:commodity-scu>
  <act:parent type="guid">23aa4227ddda457592998d18f888a662</act:parent>
</gnc:account>
<gnc:account version="2.0.0">
  <act:name>Provision</act:name>
  <act:id type="guid">7d4b851a3f704c4695d5d466b28cdc55</act:id>
  <act:type>EXPENSE</act:type>
  <act:commodity>
    <cmdty:space>CURRENCY</cmdty:space>
    <cmdty:id>EUR</cmdty:id>
  </act:commodity>
  <act:commodity-scu>100</act:commodity-scu>
  <act:parent type="guid">9bfa65815cdc4c0a99bb412dd590ee5b</act:parent>
</gnc:account>
<gnc:account version="2.0.0">
  <act:name>Maklergebühren</act:name>
  <act:id type="guid">14df609c748e453a8a08b5ad93793ddc</act:id>
  <act:type>EXPENSE</act:type>
  <act:commodity>
    <cmdty:space>CURRENCY</cmdty:space>
    <cmdty:id>EUR</cmdty:id>
  </act:commodity>
  <act:commodity-scu>100</act:commodity-scu>
  <act:parent type="guid">9bfa65815cdc4c0a99bb412dd590ee5b</act:parent>
</gnc:account>
<gnc:account version="2.0.0">
  <act:name>Fremdkapital</act:name>
  <act:id type="guid">5008258df86243ee86d37dee64327c27</act:id>
  <act:type>LIABILITY</act:type>
  <act:commodity>
    <cmdty:space>CURRENCY</cmdty:space>
    <cmdty:id>EUR</cmdty:id>
  </act:commodity>
  <act:commodity-scu>100</act:commodity-scu>
  <act:description>alle Verbindlichkeiten</act:description>
  <act:slots>
    <slot>
      <slot:key>placeholder</slot:key>
      <slot:value type="string">true</slot:value>
    </slot>
  </act:slots>
  <act:parent type="guid">14305dc80e034834b3f531696d81b493</act:parent>
</gnc:account>
<gnc:account version="2.0.0">
  <act:name>Barverbindlichkeiten</act:name>
  <act:id type="guid">e5523198bef94e2c89f0a42fa1e27e42</act:id>
  <act:type>LIABILITY</act:type>
  <act:commodity>
    <cmdty:space>CURRENCY</cmdty:space>
    <cmdty:id>EUR</cmdty:id>
  </act:commodity>
  <act:commodity-scu>100</act:commodity-scu>
  <act:description>Barverbindlichkeiten (noch offenstehende Rechnungen)</act:description>
  <act:slots>
    <slot>
      <slot:key>placeholder</slot:key>
      <slot:value type="string">true</slot:value>
    </slot>
  </act:slots>
  <act:parent type="guid">5008258df86243ee86d37dee64327c27</act:parent>
</gnc:account>
<gnc:account version="2.0.0">
  <act:name>Kreditkarte</act:name>
  <act:id type="guid">ab7ed186812c475284100a8757a9b89e</act:id>
  <act:type>CREDIT</act:type>
  <act:commodity>
    <cmdty:space>CURRENCY</cmdty:space>
    <cmdty:id>EUR</cmdty:id>
  </act:commodity>
  <act:commodity-scu>100</act:commodity-scu>
  <act:description>Kreditkarte</act:description>
  <act:parent type="guid">e5523198bef94e2c89f0a42fa1e27e42</act:parent>
</gnc:account>
<gnc:account version="2.0.0">
  <act:name>Steuerverbindl</act:name>
  <act:id type="guid">1a5b06dada56466197edbd15e64fd425</act:id>
  <act:type>LIABILITY</act:type>
  <act:commodity>
    <cmdty:space>CURRENCY</cmdty:space>
    <cmdty:id>EUR</cmdty:id>
  </act:commodity>
  <act:commodity-scu>100</act:commodity-scu>
  <act:parent type="guid">5008258df86243ee86d37dee64327c27</act:parent>
</gnc:account>
<gnc:account version="2.0.0">
  <act:name>Lieferanten</act:name>
  <act:id type="guid">a6d76c8d72764905adecd78d955d25c0</act:id>
  <act:type>LIABILITY</act:type>
  <act:commodity>
    <cmdty:space>CURRENCY</cmdty:space>
    <cmdty:id>EUR</cmdty:id>
  </act:commodity>
  <act:commodity-scu>100</act:commodity-scu>
  <act:parent type="guid">5008258df86243ee86d37dee64327c27</act:parent>
</gnc:account>
<gnc:account version="2.0.0">
  <act:name>Lieferfanto</act:name>
  <act:id type="guid">68a4c19f9a8c48909fc69d0dc18c37a6</act:id>
  <act:type>PAYABLE</act:type>
  <act:commodity>
    <cmdty:space>CURRENCY</cmdty:space>
    <cmdty:id>EUR</cmdty:id>
  </act:commodity>
  <act:commodity-scu>100</act:commodity-scu>
  <act:parent type="guid">a6d76c8d72764905adecd78d955d25c0</act:parent>
  <act:lots>
    <gnc:lot version="2.0.0">
      <lot:id type="guid">ae4de9f6ba2941af94595a6b161795c7</lot:id>
      <lot:slots>
        <slot>
          <slot:key>gncInvoice</slot:key>
          <slot:value type="frame">
            <slot>
              <slot:key>invoice-guid</slot:key>
              <slot:value type="guid">286fc2651a7848038a23bb7d065c8b67</slot:value>
            </slot>
          </slot:value>
        </slot>
        <slot>
          <slot:key>title</slot:key>
          <slot:value type="string">Lieferantenrechnung 2740921</slot:value>
        </slot>
      </lot:slots>
    </gnc:lot>
  </act:lots>
</gnc:account>
<gnc:account version="2.0.0">
  <act:name>Lieferant_2</act:name>
  <act:id type="guid">b0fb46481b8b427d9293a34c69095d44</act:id>
  <act:type>PAYABLE</act:type>
  <act:commodity>
    <cmdty:space>CURRENCY</cmdty:space>
    <cmdty:id>EUR</cmdty:id>
  </act:commodity>
  <act:commodity-scu>100</act:commodity-scu>
  <act:parent type="guid">a6d76c8d72764905adecd78d955d25c0</act:parent>
</gnc:account>
<gnc:account version="2.0.0">
  <act:name>sonstige</act:name>
  <act:id type="guid">55711b4e6f564709bf880f292448237a</act:id>
  <act:type>PAYABLE</act:type>
  <act:commodity>
    <cmdty:space>CURRENCY</cmdty:space>
    <cmdty:id>EUR</cmdty:id>
  </act:commodity>
  <act:commodity-scu>100</act:commodity-scu>
  <act:parent type="guid">a6d76c8d72764905adecd78d955d25c0</act:parent>
</gnc:account>
<gnc:account version="2.0.0">
  <act:name>Anfangsbestand</act:name>
  <act:id type="guid">ebc834e7f20e4be38f445d655142d6b1</act:id>
  <act:type>EQUITY</act:type>
  <act:commodity>
    <cmdty:space>CURRENCY</cmdty:space>
    <cmdty:id>EUR</cmdty:id>
  </act:commodity>
  <act:commodity-scu>100</act:commodity-scu>
  <act:description>Anfangsbestand</act:description>
  <act:slots>
    <slot>
      <slot:key>equity-type</slot:key>
      <slot:value type="string">opening-balance</slot:value>
    </slot>
  </act:slots>
  <act:parent type="guid">14305dc80e034834b3f531696d81b493</act:parent>
</gnc:account>
<gnc:account version="2.0.0">
  <act:name>Ausgleichskonto-EUR</act:name>
  <act:id type="guid">97fe299fade74af1857573ab5b48262b</act:id>
  <act:type>BANK</act:type>
  <act:commodity>
    <cmdty:space>CURRENCY</cmdty:space>
    <cmdty:id>EUR</cmdty:id>
  </act:commodity>
  <act:commodity-scu>100</act:commodity-scu>
  <act:parent type="guid">14305dc80e034834b3f531696d81b493</act:parent>
</gnc:account>
<gnc:account version="2.0.0">
  <act:name>Unverknüpfte Gewinne-EUR</act:name>
  <act:id type="guid">52f6de2021ca4accb4358a62f8df225f</act:id>
  <act:type>INCOME</act:type>
  <act:commodity>
    <cmdty:space>CURRENCY</cmdty:space>
    <cmdty:id>EUR</cmdty:id>
  </act:commodity>
  <act:commodity-scu>100</act:commodity-scu>
  <act:description>Realisierter Gewinn/Verlust</act:description>
  <act:slots>
    <slot>
      <slot:key>notes</slot:key>
      <slot:value type="string">Realisierter Gewinn/Verlust von Aktienkonten, die nicht woanders gespeichert worden sind.</slot:value>
    </slot>
  </act:slots>
  <act:parent type="guid">14305dc80e034834b3f531696d81b493</act:parent>
</gnc:account>
<gnc:transaction version="2.0.0">
  <trn:id type="guid">cc9fe6a245df45ba9b494660732a7755</trn:id>
  <trn:currency>
    <cmdty:space>CURRENCY</cmdty:space>
    <cmdty:id>EUR</cmdty:id>
  </trn:currency>
  <trn:date-posted>
    <ts:date>2023-07-01 10:59:00 +0000</ts:date>
  </trn:date-posted>
  <trn:date-entered>
    <ts:date>2023-07-20 09:56:39 +0000</ts:date>
  </trn:date-entered>
  <trn:description>Kauf MBG</trn:description>
  <trn:slots>
    <slot>
      <slot:key>date-posted</slot:key>
      <slot:value type="gdate">
        <gdate>2023-07-01</gdate>
      </slot:value>
    </slot>
  </trn:slots>
  <trn:splits>
    <trn:split>
      <split:id type="guid">980706f1ead64460b8205f093472c855</split:id>
      <split:action>Kauf</split:action>
      <split:reconciled-state>n</split:reconciled-state>
      <split:value>225300/100</split:value>
      <split:quantity>1000000/10000</split:quantity>
      <split:account type="guid">d49554f33a0340bdb6611a1ab5575998</split:account>
    </trn:split>
    <trn:split>
      <split:id type="guid">22e449ac0a864d4fae7c58171bdcfcfc</split:id>
      <split:memo>Leere Buchung absichtlich drinbehalten (so etwas passiert dann und wann einmal, ist nicht schlimm)</split:memo>
      <split:reconciled-state>n</split:reconciled-state>
      <split:value>0/100</split:value>
      <split:quantity>0/100</split:quantity>
      <split:account type="guid">97fe299fade74af1857573ab5b48262b</split:account>
    </trn:split>
    <trn:split>
      <split:id type="guid">b6a88c1d918e465892488c561e02831a</split:id>
      <split:reconciled-state>n</split:reconciled-state>
      <split:value>-225300/100</split:value>
      <split:quantity>-225300/100</split:quantity>
      <split:account type="guid">bbf77a599bd24a3dbfec3dd1d0bb9f5c</split:account>
    </trn:split>
  </trn:splits>
</gnc:transaction>
<gnc:transaction version="2.0.0">
  <trn:id type="guid">ab25b1f4035344b395764d2aa6e2d864</trn:id>
  <trn:currency>
    <cmdty:space>CURRENCY</cmdty:space>
    <cmdty:id>EUR</cmdty:id>
  </trn:currency>
  <trn:date-posted>
    <ts:date>2024-06-01 10:59:00 +0000</ts:date>
  </trn:date-posted>
  <trn:date-entered>
    <ts:date>2024-06-01 09:09:44 +0000</ts:date>
  </trn:date-entered>
  <trn:description>Aktienteilung</trn:description>
  <trn:slots>
    <slot>
      <slot:key>date-posted</slot:key>
      <slot:value type="gdate">
        <gdate>2024-06-01</gdate>
      </slot:value>
    </slot>
  </trn:slots>
  <trn:splits>
    <trn:split>
      <split:id type="guid">eb16c2887bfe4e53b8508142ba8fac7a</split:id>
      <split:action>Aktienteilung</split:action>
      <split:reconciled-state>n</split:reconciled-state>
      <split:value>0/100</split:value>
      <split:quantity>1000000/10000</split:quantity>
      <split:account type="guid">d49554f33a0340bdb6611a1ab5575998</split:account>
      <split:slots>
        <slot>
          <slot:key>split-type</slot:key>
          <slot:value type="string">stock-split</slot:value>
        </slot>
      </split:slots>
    </trn:split>
  </trn:splits>
</gnc:transaction>
<gnc:transaction version="2.0.0">
  <trn:id type="guid">4307689faade47d8aab4db87c8ce3aaf</trn:id>
  <trn:currency>
    <cmdty:space>CURRENCY</cmdty:space>
    <cmdty:id>EUR</cmdty:id>
  </trn:currency>
  <trn:date-posted>
    <ts:date>2023-07-18 10:59:00 +0000</ts:date>
  </trn:date-posted>
  <trn:date-entered>
    <ts:date>2023-07-20 10:04:18 +0000</ts:date>
  </trn:date-entered>
  <trn:description>Kauf SAP</trn:description>
  <trn:slots>
    <slot>
      <slot:key>date-posted</slot:key>
      <slot:value type="gdate">
        <gdate>2023-07-18</gdate>
      </slot:value>
    </slot>
  </trn:slots>
  <trn:splits>
    <trn:split>
      <split:id type="guid">c3ae14400ec843f9bf63f5ef69a31528</split:id>
      <split:action>Kauf</split:action>
      <split:reconciled-state>n</split:reconciled-state>
      <split:value>187500/100</split:value>
      <split:quantity>150000/10000</split:quantity>
      <split:account type="guid">b3741e92e3b9475b9d5a2dc8254a8111</split:account>
      <split:lot type="guid">ef15827f413a4eeeaf8a7b492252b443</split:lot>
    </trn:split>
    <trn:split>
      <split:id type="guid">65539ddefc34439d80925275226e7849</split:id>
      <split:reconciled-state>n</split:reconciled-state>
      <split:value>250/100</split:value>
      <split:quantity>250/100</split:quantity>
      <split:account type="guid">7d4b851a3f704c4695d5d466b28cdc55</split:account>
    </trn:split>
    <trn:split>
      <split:id type="guid">4cd194156b014823ab4fea16c3947fcb</split:id>
      <split:reconciled-state>n</split:reconciled-state>
      <split:value>165/100</split:value>
      <split:quantity>165/100</split:quantity>
      <split:account type="guid">14df609c748e453a8a08b5ad93793ddc</split:account>
    </trn:split>
    <trn:split>
      <split:id type="guid">ffdc46ece30042baa3657af57eabe6ee</split:id>
      <split:reconciled-state>n</split:reconciled-state>
      <split:value>-187915/100</split:value>
      <split:quantity>-187915/100</split:quantity>
      <split:account type="guid">bbf77a599bd24a3dbfec3dd1d0bb9f5c</split:account>
    </trn:split>
  </trn:splits>
</gnc:transaction>
<gnc:transaction version="2.0.0">
  <trn:id type="guid">32b216aa73a44137aa5b041ab8739058</trn:id>
  <trn:currency>
    <cmdty:space>CURRENCY</cmdty:space>
    <cmdty:id>EUR</cmdty:id>
  </trn:currency>
  <trn:date-posted>
    <ts:date>2023-08-06 10:59:00 +0000</ts:date>
  </trn:date-posted>
  <trn:date-entered>
    <ts:date>2023-08-06 08:21:44 +0000</ts:date>
  </trn:date-entered>
  <trn:description>Dividenderl</trn:description>
  <trn:slots>
    <slot>
      <slot:key>date-posted</slot:key>
      <slot:value type="gdate">
        <gdate>2023-08-06</gdate>
      </slot:value>
    </slot>
  </trn:slots>
  <trn:splits>
    <trn:split>
      <split:id type="guid">7abf90fe15124254ac3eb7ec33f798e7</split:id>
      <split:reconciled-state>n</split:reconciled-state>
      <split:value>1100/100</split:value>
      <split:quantity>1100/100</split:quantity>
      <split:account type="guid">87b7dc076d684bb78044795a89d665c8</split:account>
    </trn:split>
    <trn:split>
      <split:id type="guid">ea08a144322146cea38b39d134ca6fc1</split:id>
      <split:reconciled-state>n</split:reconciled-state>
      <split:value>0/100</split:value>
      <split:quantity>0/10000</split:quantity>
      <split:account type="guid">b3741e92e3b9475b9d5a2dc8254a8111</split:account>
    </trn:split>
    <trn:split>
      <split:id type="guid">5c5fa881869843d090a932f8e6b15af2</split:id>
      <split:reconciled-state>n</split:reconciled-state>
      <split:value>-1100/100</split:value>
      <split:quantity>-1100/100</split:quantity>
      <split:account type="guid">d7c384bfc136464490965f3f254313b1</split:account>
    </trn:split>
  </trn:splits>
</gnc:transaction>
<gnc:transaction version="2.0.0">
  <trn:id type="guid">ae0dff27500e440293267a9c7db061f5</trn:id>
  <trn:currency>
    <cmdty:space>CURRENCY</cmdty:space>
    <cmdty:id>EUR</cmdty:id>
  </trn:currency>
  <trn:date-posted>
    <ts:date>2025-02-19 10:59:00 +0000</ts:date>
  </trn:date-posted>
  <trn:date-entered>
    <ts:date>2025-02-19 16:34:30 +0000</ts:date>
  </trn:date-entered>
  <trn:description>Verkauf SAP</trn:description>
  <trn:slots>
    <slot>
      <slot:key>date-posted</slot:key>
      <slot:value type="gdate">
        <gdate>2025-02-19</gdate>
      </slot:value>
    </slot>
  </trn:slots>
  <trn:splits>
    <trn:split>
      <split:id type="guid">99ba6ded10c54e34a8c5c5fd33a964d5</split:id>
      <split:reconciled-state>n</split:reconciled-state>
      <split:value>139700/100</split:value>
      <split:quantity>139700/100</split:quantity>
      <split:account type="guid">bbf77a599bd24a3dbfec3dd1d0bb9f5c</split:account>
    </trn:split>
    <trn:split>
      <split:id type="guid">6b9149b937ea484b8e920f793e138d31</split:id>
      <split:reconciled-state>n</split:reconciled-state>
      <split:value>5000/100</split:value>
      <split:quantity>5000/100</split:quantity>
      <split:account type="guid">2a195872e24048a0a6228107ca8b6a52</split:account>
    </trn:split>
    <trn:split>
      <split:id type="guid">ce99718854bc4416b25ff030fff487a4</split:id>
      <split:reconciled-state>n</split:reconciled-state>
      <split:value>300/100</split:value>
      <split:quantity>300/100</split:quantity>
      <split:account type="guid">41e998de2af144c7a9db5049fb677f8a</split:account>
    </trn:split>
    <trn:split>
      <split:id type="guid">37eb9775e0644ee68e9414f28eef9cdb</split:id>
      <split:action>Verkauf</split:action>
      <split:reconciled-state>n</split:reconciled-state>
      <split:value>-145000/100</split:value>
      <split:quantity>-100000/10000</split:quantity>
      <split:account type="guid">b3741e92e3b9475b9d5a2dc8254a8111</split:account>
      <split:lot type="guid">ef15827f413a4eeeaf8a7b492252b443</split:lot>
      <split:slots>
        <slot>
          <slot:key>gains-split</slot:key>
          <slot:value type="guid">e2cc9ce07b6f40e0a49c68f7e41d3fd0</slot:value>
        </slot>
      </split:slots>
    </trn:split>
  </trn:splits>
</gnc:transaction>
<gnc:transaction version="2.0.0">
  <trn:id type="guid">c26d5c05c72e4412a87eee5ba49d4cce</trn:id>
  <trn:currency>
    <cmdty:space>CURRENCY</cmdty:space>
    <cmdty:id>EUR</cmdty:id>
  </trn:currency>
  <trn:date-posted>
    <ts:date>2025-02-19 10:59:00 +0000</ts:date>
  </trn:date-posted>
  <trn:date-entered>
    <ts:date>2025-02-19 16:56:05 +0000</ts:date>
  </trn:date-entered>
  <trn:description>Realisierter Gewinn/Verlust</trn:description>
  <trn:splits>
    <trn:split>
      <split:id type="guid">e2cc9ce07b6f40e0a49c68f7e41d3fd0</split:id>
      <split:memo>Realisierter Gewinn/Verlust</split:memo>
      <split:reconciled-state>n</split:reconciled-state>
      <split:value>20000/100</split:value>
      <split:quantity>0/10000</split:quantity>
      <split:account type="guid">b3741e92e3b9475b9d5a2dc8254a8111</split:account>
      <split:lot type="guid">ef15827f413a4eeeaf8a7b492252b443</split:lot>
      <split:slots>
        <slot>
          <slot:key>gains-source</slot:key>
          <slot:value type="guid">37eb9775e0644ee68e9414f28eef9cdb</slot:value>
        </slot>
      </split:slots>
    </trn:split>
    <trn:split>
      <split:id type="guid">3cf5a146df4c47e7ae812cde20a47a1d</split:id>
      <split:memo>Realisierter Gewinn/Verlust</split:memo>
      <split:reconciled-state>n</split:reconciled-state>
      <split:value>-20000/100</split:value>
      <split:quantity>-20000/100</split:quantity>
      <split:account type="guid">9dbad1fda79644b0916154b404f84763</split:account>
    </trn:split>
  </trn:splits>
</gnc:transaction>
<gnc:transaction version="2.0.0">
  <trn:id type="guid">c589727108b8491d828a5c1a9bdc11d1</trn:id>
  <trn:currency>
    <cmdty:space>CURRENCY</cmdty:space>
    <cmdty:id>EUR</cmdty:id>
  </trn:currency>
  <trn:date-posted>
    <ts:date>2025-11-30 10:59:00 +0000</ts:date>
  </trn:date-posted>
  <trn:date-entered>
    <ts:date>2025-12-09 07:22:23 +0000</ts:date>
  </trn:date-entered>
  <trn:description>Aktiensplit</trn:description>
  <trn:slots>
    <slot>
      <slot:key>date-posted</slot:key>
      <slot:value type="gdate">
        <gdate>2025-11-30</gdate>
      </slot:value>
    </slot>
  </trn:slots>
  <trn:splits>
    <trn:split>
      <split:id type="guid">e9900dc4e5124b2b8ad42347a6ee6fc0</split:id>
      <split:action>Stock</split:action>
      <split:reconciled-state>n</split:reconciled-state>
      <split:value>0/1</split:value>
      <split:quantity>100000/10000</split:quantity>
      <split:account type="guid">b3741e92e3b9475b9d5a2dc8254a8111</split:account>
      <split:slots>
        <slot>
          <slot:key>split-type</slot:key>
          <slot:value type="string">stock-split</slot:value>
        </slot>
      </split:slots>
    </trn:split>
  </trn:splits>
</gnc:transaction>
<gnc:transaction version="2.0.0">
  <trn:id type="guid">568864bfb0954897ab8578db4d27372f</trn:id>
  <trn:currency>
    <cmdty:space>CURRENCY</cmdty:space>
    <cmdty:id>EUR</cmdty:id>
  </trn:currency>
  <trn:date-posted>
    <ts:date>2020-01-01 10:59:00 +0000</ts:date>
  </trn:date-posted>
  <trn:date-entered>
    <ts:date>2023-08-28 08:50:04 +0000</ts:date>
  </trn:date-entered>
  <trn:description>Anfangsbestand</trn:description>
  <trn:slots>
    <slot>
      <slot:key>date-posted</slot:key>
      <slot:value type="gdate">
        <gdate>2020-01-01</gdate>
      </slot:value>
    </slot>
  </trn:slots>
  <trn:splits>
    <trn:split>
      <split:id type="guid">2d662bf8877a41f69c69276f2770b140</split:id>
      <split:reconciled-state>n</split:reconciled-state>
      <split:value>1025065/100</split:value>
      <split:quantity>1025065/100</split:quantity>
      <split:account type="guid">bbf77a599bd24a3dbfec3dd1d0bb9f5c</split:account>
    </trn:split>
    <trn:split>
      <split:id type="guid">6d08eca07d2b457a8f13539249313db8</split:id>
      <split:reconciled-state>n</split:reconciled-state>
      <split:value>-1025065/100</split:value>
      <split:quantity>-1025065/100</split:quantity>
      <split:account type="guid">97fe299fade74af1857573ab5b48262b</split:account>
    </trn:split>
  </trn:splits>
</gnc:transaction>
<gnc:transaction version="2.0.0">
  <trn:id type="guid">29557cfdf4594eb68b1a1b710722f991</trn:id>
  <trn:currency>
    <cmdty:space>CURRENCY</cmdty:space>
    <cmdty:id>EUR</cmdty:id>
  </trn:currency>
  <trn:date-posted>
    <ts:date>2023-08-03 10:59:00 +0000</ts:date>
  </trn:date-posted>
  <trn:date-entered>
    <ts:date>2023-09-13 08:37:10 +0000</ts:date>
  </trn:date-entered>
  <trn:description>Unfug und Quatsch GmbH</trn:description>
  <trn:slots>
    <slot>
      <slot:key>date-posted</slot:key>
      <slot:value type="gdate">
        <gdate>2023-08-03</gdate>
      </slot:value>
    </slot>
    <slot>
      <slot:key>trans-txn-type</slot:key>
      <slot:value type="string">P</slot:value>
    </slot>
  </trn:slots>
  <trn:splits>
    <trn:split>
      <split:id type="guid">77181aa79034417b855d9ea138345541</split:id>
      <split:action>Zahlung</split:action>
      <split:reconciled-state>y</split:reconciled-state>
      <split:value>132760/100</split:value>
      <split:quantity>132760/100</split:quantity>
      <split:account type="guid">bbf77a599bd24a3dbfec3dd1d0bb9f5c</split:account>
    </trn:split>
    <trn:split>
      <split:id type="guid">60733646faa2416fa33fae9e9dd3206b</split:id>
      <split:action>Zahlung</split:action>
      <split:reconciled-state>y</split:reconciled-state>
      <split:value>-132760/100</split:value>
      <split:quantity>-132760/100</split:quantity>
      <split:account type="guid">7e223ee2260d4ba28e8e9e19ce291f43</split:account>
      <split:lot type="guid">c183bc9303484e75945af1324d18e8cc</split:lot>
    </trn:split>
  </trn:splits>
</gnc:transaction>
<gnc:transaction version="2.0.0">
  <trn:id type="guid">67796d4f7c924c1da38f7813dbc3a99d</trn:id>
  <trn:currency>
    <cmdty:space>CURRENCY</cmdty:space>
    <cmdty:id>EUR</cmdty:id>
  </trn:currency>
  <trn:date-posted>
    <ts:date>2023-08-17 10:59:00 +0000</ts:date>
  </trn:date-posted>
  <trn:date-entered>
    <ts:date>2023-09-13 09:00:17 +0000</ts:date>
  </trn:date-entered>
  <trn:description>Unfug und Quatsch GmbH</trn:description>
  <trn:slots>
    <slot>
      <slot:key>trans-txn-type</slot:key>
      <slot:value type="string">P</slot:value>
    </slot>
  </trn:slots>
  <trn:splits>
    <trn:split>
      <split:id type="guid">f559e1da04fd40258a1d21cd6efab6ae</split:id>
      <split:action>Zahlung</split:action>
      <split:reconciled-state>y</split:reconciled-state>
      <split:value>120000/100</split:value>
      <split:quantity>120000/100</split:quantity>
      <split:account type="guid">bbf77a599bd24a3dbfec3dd1d0bb9f5c</split:account>
    </trn:split>
    <trn:split>
      <split:id type="guid">7eb91a40eb81407e96d880758b43ece4</split:id>
      <split:action>Zahlung</split:action>
      <split:reconciled-state>n</split:reconciled-state>
      <split:value>-120000/100</split:value>
      <split:quantity>-120000/100</split:quantity>
      <split:account type="guid">7e223ee2260d4ba28e8e9e19ce291f43</split:account>
      <split:lot type="guid">c9a34ac416b8456ea84d7f19cca341d6</split:lot>
    </trn:split>
  </trn:splits>
</gnc:transaction>
<gnc:transaction version="2.0.0">
  <trn:id type="guid">18a45dfc8a6868c470438e27d6fe10b2</trn:id>
  <trn:currency>
    <cmdty:space>CURRENCY</cmdty:space>
    <cmdty:id>EUR</cmdty:id>
  </trn:currency>
  <trn:date-posted>
    <ts:date>2023-08-30 09:56:48 +0000</ts:date>
  </trn:date-posted>
  <trn:date-entered>
    <ts:date>2022-03-11 23:00:00 +0000</ts:date>
  </trn:date-entered>
  <trn:description>Generated by GenTrx</trn:description>
  <trn:splits>
    <trn:split>
      <split:id type="guid">18a45dfc8a725676b33ce7645ca53199</split:id>
      <split:reconciled-state>n</split:reconciled-state>
      <split:value>12365/100</split:value>
      <split:quantity>12365/100</split:quantity>
      <split:account type="guid">598eb8acb1834752ab503c3fe9ed6c99</split:account>
    </trn:split>
    <trn:split>
      <split:id type="guid">18a45dfc8a64152db59dab669b115bf0</split:id>
      <split:reconciled-state>c</split:reconciled-state>
      <split:value>-12365/100</split:value>
      <split:quantity>-12365/100</split:quantity>
      <split:account type="guid">bbf77a599bd24a3dbfec3dd1d0bb9f5c</split:account>
    </trn:split>
  </trn:splits>
</gnc:transaction>
<gnc:transaction version="2.0.0">
  <trn:id type="guid">ccff780b18294435bf03c6cb1ac325c1</trn:id>
  <trn:currency>
    <cmdty:space>CURRENCY</cmdty:space>
    <cmdty:id>EUR</cmdty:id>
  </trn:currency>
  <trn:date-posted>
    <ts:date>2023-09-13 10:59:00 +0000</ts:date>
  </trn:date-posted>
  <trn:date-entered>
    <ts:date>2023-09-13 08:30:05 +0000</ts:date>
  </trn:date-entered>
  <trn:description>Lieferfanto AG</trn:description>
  <trn:slots>
    <slot>
      <slot:key>trans-txn-type</slot:key>
      <slot:value type="string">P</slot:value>
    </slot>
  </trn:slots>
  <trn:splits>
    <trn:split>
      <split:id type="guid">7771000764af4d0d8830ab48d5d28952</split:id>
      <split:action>Zahlung</split:action>
      <split:reconciled-state>n</split:reconciled-state>
      <split:value>9414/100</split:value>
      <split:quantity>9414/100</split:quantity>
      <split:account type="guid">68a4c19f9a8c48909fc69d0dc18c37a6</split:account>
      <split:lot type="guid">ae4de9f6ba2941af94595a6b161795c7</split:lot>
    </trn:split>
    <trn:split>
      <split:id type="guid">78cf66cd5f9f4e0db364dca5148703a0</split:id>
      <split:action>Zahlung</split:action>
      <split:reconciled-state>c</split:reconciled-state>
      <split:value>-9414/100</split:value>
      <split:quantity>-9414/100</split:quantity>
      <split:account type="guid">bbf77a599bd24a3dbfec3dd1d0bb9f5c</split:account>
    </trn:split>
  </trn:splits>
</gnc:transaction>
<gnc:transaction version="2.0.0">
  <trn:id type="guid">d465b802d5c940c9bba04b87b63ba23f</trn:id>
  <trn:currency>
    <cmdty:space>CURRENCY</cmdty:space>
    <cmdty:id>EUR</cmdty:id>
  </trn:currency>
  <trn:date-posted>
    <ts:date>2023-10-01 10:59:00 +0000</ts:date>
  </trn:date-posted>
  <trn:date-entered>
    <ts:date>2023-10-24 07:02:44 +0000</ts:date>
  </trn:date-entered>
  <trn:description>Liqu-Mgt</trn:description>
  <trn:slots>
    <slot>
      <slot:key>assoc_uri</slot:key>
      <slot:value type="string">https://my.transaction.link.01</slot:value>
    </slot>
    <slot>
      <slot:key>date-posted</slot:key>
      <slot:value type="gdate">
        <gdate>2023-10-01</gdate>
      </slot:value>
    </slot>
  </trn:slots>
  <trn:splits>
    <trn:split>
      <split:id type="guid">70f9e015ad9f456caac92181bacc8914</split:id>
      <split:reconciled-state>n</split:reconciled-state>
      <split:value>50000/100</split:value>
      <split:quantity>46500/100</split:quantity>
      <split:account type="guid">cc85104b83b74099bbdbdf69497e7696</split:account>
    </trn:split>
    <trn:split>
      <split:id type="guid">ae7fb71ec3d44589b56fb3a7b72beb33</split:id>
      <split:reconciled-state>c</split:reconciled-state>
      <split:value>-50000/100</split:value>
      <split:quantity>-50000/100</split:quantity>
      <split:account type="guid">bbf77a599bd24a3dbfec3dd1d0bb9f5c</split:account>
    </trn:split>
  </trn:splits>
</gnc:transaction>
<gnc:transaction version="2.0.0">
  <trn:id type="guid">71979c2d99104919899fa249e616bcaa</trn:id>
  <trn:currency>
    <cmdty:space>CURRENCY</cmdty:space>
    <cmdty:id>EUR</cmdty:id>
  </trn:currency>
  <trn:date-posted>
    <ts:date>2023-10-14 10:59:00 +0000</ts:date>
  </trn:date-posted>
  <trn:date-entered>
    <ts:date>2024-02-19 15:49:10 +0000</ts:date>
  </trn:date-entered>
  <trn:description>Geldautomat</trn:description>
  <trn:slots>
    <slot>
      <slot:key>date-posted</slot:key>
      <slot:value type="gdate">
        <gdate>2023-10-14</gdate>
      </slot:value>
    </slot>
  </trn:slots>
  <trn:splits>
    <trn:split>
      <split:id type="guid">b65f76a37e5643b1ac2ea2ad9cdf381d</split:id>
      <split:reconciled-state>n</split:reconciled-state>
      <split:value>15000/100</split:value>
      <split:quantity>15000/100</split:quantity>
      <split:account type="guid">3df08e60391d4fc3888a5fe5f91e7252</split:account>
    </trn:split>
    <trn:split>
      <split:id type="guid">48657aca121b4500baef4078a3982c03</split:id>
      <split:reconciled-state>n</split:reconciled-state>
      <split:value>-15000/100</split:value>
      <split:quantity>-15000/100</split:quantity>
      <split:account type="guid">bbf77a599bd24a3dbfec3dd1d0bb9f5c</split:account>
    </trn:split>
  </trn:splits>
</gnc:transaction>
<gnc:transaction version="2.0.0">
  <trn:id type="guid">c97032ba41684b2bb5d1391c9d7547e9</trn:id>
  <trn:currency>
    <cmdty:space>CURRENCY</cmdty:space>
    <cmdty:id>EUR</cmdty:id>
  </trn:currency>
  <trn:num>R1730</trn:num>
  <trn:date-posted>
    <ts:date>2023-07-29 10:59:00 +0000</ts:date>
  </trn:date-posted>
  <trn:date-entered>
    <ts:date>2023-09-13 08:36:54 +0000</ts:date>
  </trn:date-entered>
  <trn:description>Unfug und Quatsch GmbH</trn:description>
  <trn:slots>
    <slot>
      <slot:key>date-posted</slot:key>
      <slot:value type="gdate">
        <gdate>2023-07-29</gdate>
      </slot:value>
    </slot>
    <slot>
      <slot:key>gncInvoice</slot:key>
      <slot:value type="frame">
        <slot>
          <slot:key>invoice-guid</slot:key>
          <slot:value type="guid">d9967c10fdf1465e9394a3e4b1e7bd79</slot:value>
        </slot>
      </slot:value>
    </slot>
    <slot>
      <slot:key>trans-date-due</slot:key>
      <slot:value type="timespec">
        <ts:date>2023-07-29 10:59:00 +0000</ts:date>
      </slot:value>
    </slot>
    <slot>
      <slot:key>trans-read-only</slot:key>
      <slot:value type="string">Aus einer Rechnung erzeugt. Für Änderungen müssen Sie die Buchung der Rechnung löschen.</slot:value>
    </slot>
    <slot>
      <slot:key>trans-txn-type</slot:key>
      <slot:value type="string">I</slot:value>
    </slot>
  </trn:slots>
  <trn:splits>
    <trn:split>
      <split:id type="guid">f2a67737458d4af4ade616a23db32c2e</split:id>
      <split:action>Rechnung</split:action>
      <split:reconciled-state>n</split:reconciled-state>
      <split:value>132760/100</split:value>
      <split:quantity>132760/100</split:quantity>
      <split:account type="guid">7e223ee2260d4ba28e8e9e19ce291f43</split:account>
      <split:lot type="guid">c183bc9303484e75945af1324d18e8cc</split:lot>
    </trn:split>
    <trn:split>
      <split:id type="guid">d17361e4c5a14e84be4553b262839a7b</split:id>
      <split:action>Rechnung</split:action>
      <split:reconciled-state>n</split:reconciled-state>
      <split:value>-132760/100</split:value>
      <split:quantity>-132760/100</split:quantity>
      <split:account type="guid">fed745c4da5c49ebb0fde0f47222b35b</split:account>
    </trn:split>
  </trn:splits>
</gnc:transaction>
<gnc:transaction version="2.0.0">
  <trn:id type="guid">9e066e5f3081485ab08539e41bf85495</trn:id>
  <trn:currency>
    <cmdty:space>CURRENCY</cmdty:space>
    <cmdty:id>EUR</cmdty:id>
  </trn:currency>
  <trn:num>R1731</trn:num>
  <trn:date-posted>
    <ts:date>2023-08-13 10:59:00 +0000</ts:date>
  </trn:date-posted>
  <trn:date-entered>
    <ts:date>2023-09-13 08:58:46 +0000</ts:date>
  </trn:date-entered>
  <trn:description>Unfug und Quatsch GmbH</trn:description>
  <trn:slots>
    <slot>
      <slot:key>date-posted</slot:key>
      <slot:value type="gdate">
        <gdate>2023-08-13</gdate>
      </slot:value>
    </slot>
    <slot>
      <slot:key>gncInvoice</slot:key>
      <slot:value type="frame">
        <slot>
          <slot:key>invoice-guid</slot:key>
          <slot:value type="guid">6588f1757b9e4e24b62ad5b37b8d8e07</slot:value>
        </slot>
      </slot:value>
    </slot>
    <slot>
      <slot:key>trans-date-due</slot:key>
      <slot:value type="timespec">
        <ts:date>2023-08-23 10:59:00 +0000</ts:date>
      </slot:value>
    </slot>
    <slot>
      <slot:key>trans-read-only</slot:key>
      <slot:value type="string">Aus einer Rechnung erzeugt. Für Änderungen müssen Sie die Buchung der Rechnung löschen.</slot:value>
    </slot>
    <slot>
      <slot:key>trans-txn-type</slot:key>
      <slot:value type="string">I</slot:value>
    </slot>
  </trn:slots>
  <trn:splits>
    <trn:split>
      <split:id type="guid">69cbc8eb0b6c47e58b33dfe9c53dbda8</split:id>
      <split:action>Rechnung</split:action>
      <split:reconciled-state>n</split:reconciled-state>
      <split:value>190995/100</split:value>
      <split:quantity>190995/100</split:quantity>
      <split:account type="guid">7e223ee2260d4ba28e8e9e19ce291f43</split:account>
      <split:lot type="guid">c9a34ac416b8456ea84d7f19cca341d6</split:lot>
    </trn:split>
    <trn:split>
      <split:id type="guid">4f3b3db272b8423b863ed0c6e322f3ff</split:id>
      <split:action>Rechnung</split:action>
      <split:reconciled-state>n</split:reconciled-state>
      <split:value>-30495/100</split:value>
      <split:quantity>-30495/100</split:quantity>
      <split:account type="guid">1a5b06dada56466197edbd15e64fd425</split:account>
    </trn:split>
    <trn:split>
      <split:id type="guid">ab5c66b02d744cfb97bc3474cbd37102</split:id>
      <split:action>Rechnung</split:action>
      <split:reconciled-state>n</split:reconciled-state>
      <split:value>-120000/100</split:value>
      <split:quantity>-120000/100</split:quantity>
      <split:account type="guid">3a4fe87c83ac4a1ba8c4d851ccd4d940</split:account>
    </trn:split>
    <trn:split>
      <split:id type="guid">921597b9a650479290b50b5f2dcb11bd</split:id>
      <split:action>Rechnung</split:action>
      <split:reconciled-state>n</split:reconciled-state>
      <split:value>-40500/100</split:value>
      <split:quantity>-40500/100</split:quantity>
      <split:account type="guid">690f25c6ef0649cba836529ba6724f78</split:account>
    </trn:split>
  </trn:splits>
</gnc:transaction>
<gnc:transaction version="2.0.0">
  <trn:id type="guid">c12f632c86064e55b84ae1062463308d</trn:id>
  <trn:currency>
    <cmdty:space>CURRENCY</cmdty:space>
    <cmdty:id>EUR</cmdty:id>
  </trn:currency>
  <trn:date-posted>
    <ts:date>2023-10-14 10:59:00 +0000</ts:date>
  </trn:date-posted>
  <trn:date-entered>
    <ts:date>2024-02-19 15:50:06 +0000</ts:date>
  </trn:date-entered>
  <trn:description>Haushaltsgeld</trn:description>
  <trn:slots>
    <slot>
      <slot:key>date-posted</slot:key>
      <slot:value type="gdate">
        <gdate>2023-10-14</gdate>
      </slot:value>
    </slot>
  </trn:slots>
  <trn:splits>
    <trn:split>
      <split:id type="guid">be81de0c0a0b4905a8b8b55c41879314</split:id>
      <split:reconciled-state>n</split:reconciled-state>
      <split:value>9500/100</split:value>
      <split:quantity>9500/100</split:quantity>
      <split:account type="guid">e617cfd1317b4e318caf5dfba51b172e</split:account>
    </trn:split>
    <trn:split>
      <split:id type="guid">f4186004b89b46f985cf768b138da78a</split:id>
      <split:reconciled-state>n</split:reconciled-state>
      <split:value>-9500/100</split:value>
      <split:quantity>-9500/100</split:quantity>
      <split:account type="guid">3df08e60391d4fc3888a5fe5f91e7252</split:account>
    </trn:split>
  </trn:splits>
</gnc:transaction>
<gnc:transaction version="2.0.0">
  <trn:id type="guid">aa64d862bb5e4d749eb41f198b28d73d</trn:id>
  <trn:currency>
    <cmdty:space>CURRENCY</cmdty:space>
    <cmdty:id>EUR</cmdty:id>
  </trn:currency>
  <trn:num>2740921</trn:num>
  <trn:date-posted>
    <ts:date>2023-08-30 10:59:00 +0000</ts:date>
  </trn:date-posted>
  <trn:date-entered>
    <ts:date>2023-09-13 08:28:46 +0000</ts:date>
  </trn:date-entered>
  <trn:description>Lieferfanto AG</trn:description>
  <trn:slots>
    <slot>
      <slot:key>date-posted</slot:key>
      <slot:value type="gdate">
        <gdate>2023-08-30</gdate>
      </slot:value>
    </slot>
    <slot>
      <slot:key>gncInvoice</slot:key>
      <slot:value type="frame">
        <slot>
          <slot:key>invoice-guid</slot:key>
          <slot:value type="guid">286fc2651a7848038a23bb7d065c8b67</slot:value>
        </slot>
      </slot:value>
    </slot>
    <slot>
      <slot:key>trans-date-due</slot:key>
      <slot:value type="timespec">
        <ts:date>2023-08-30 10:59:00 +0000</ts:date>
      </slot:value>
    </slot>
    <slot>
      <slot:key>trans-read-only</slot:key>
      <slot:value type="string">Aus einer Rechnung erzeugt. Für Änderungen müssen Sie die Buchung der Rechnung löschen.</slot:value>
    </slot>
    <slot>
      <slot:key>trans-txn-type</slot:key>
      <slot:value type="string">I</slot:value>
    </slot>
  </trn:slots>
  <trn:splits>
    <trn:split>
      <split:id type="guid">241e93fda13b4e69b7305d06c0928da4</split:id>
      <split:action>Lieferantenrechnung</split:action>
      <split:reconciled-state>n</split:reconciled-state>
      <split:value>1503/100</split:value>
      <split:quantity>1503/100</split:quantity>
      <split:account type="guid">1a5b06dada56466197edbd15e64fd425</split:account>
    </trn:split>
    <trn:split>
      <split:id type="guid">a705d9549f9f4ab1bf38bbbbc7c4f20f</split:id>
      <split:action>Lieferantenrechnung</split:action>
      <split:reconciled-state>n</split:reconciled-state>
      <split:value>4760/100</split:value>
      <split:quantity>4760/100</split:quantity>
      <split:account type="guid">16305960bddc463aa18212dd4f230d4d</split:account>
    </trn:split>
    <trn:split>
      <split:id type="guid">f55a9d8c16054fd2a87cd448ac01da17</split:id>
      <split:action>Lieferantenrechnung</split:action>
      <split:reconciled-state>n</split:reconciled-state>
      <split:value>3151/100</split:value>
      <split:quantity>3151/100</split:quantity>
      <split:account type="guid">7baa658d697e4dfc8a4bf19f8cdd9fee</split:account>
    </trn:split>
    <trn:split>
      <split:id type="guid">3eff736b0b794c30a101ff0cc8f45260</split:id>
      <split:action>Lieferantenrechnung</split:action>
      <split:reconciled-state>n</split:reconciled-state>
      <split:value>-9414/100</split:value>
      <split:quantity>-9414/100</split:quantity>
      <split:account type="guid">68a4c19f9a8c48909fc69d0dc18c37a6</split:account>
      <split:lot type="guid">ae4de9f6ba2941af94595a6b161795c7</split:lot>
    </trn:split>
  </trn:splits>
</gnc:transaction>
<gnc:GncBillTerm version="2.0.0">
  <billterm:guid type="guid">599bfe3ab5b84a73bf3acabc5abd5bc7</billterm:guid>
  <billterm:name>sofort</billterm:name>
  <billterm:desc>5 Tage netto</billterm:desc>
  <billterm:refcount>3</billterm:refcount>
  <billterm:invisible>0</billterm:invisible>
  <billterm:days>
    <bt-days:due-days>5</bt-days:due-days>
  </billterm:days>
</gnc:GncBillTerm>
<gnc:GncBillTerm version="2.0.0">
  <billterm:guid type="guid">f4310c65486a47a5a787348b7de6ca40</billterm:guid>
  <billterm:name>30-10-3</billterm:name>
  <billterm:desc>30 Tage netto / 10 Tage Skonto 3%</billterm:desc>
  <billterm:refcount>2</billterm:refcount>
  <billterm:invisible>0</billterm:invisible>
  <billterm:days>
    <bt-days:due-days>30</bt-days:due-days>
    <bt-days:disc-days>10</bt-days:disc-days>
    <bt-days:discount>300000/100000</bt-days:discount>
  </billterm:days>
</gnc:GncBillTerm>
<gnc:GncBillTerm version="2.0.0">
  <billterm:guid type="guid">f65a46140da94c81a4e1e3c0aa38c32b</billterm:guid>
  <billterm:name>nächster-monat-mitte</billterm:name>
  <billterm:desc>Fällig am 15. des nächsten Monats. 2% Skonto bei Zahlung bis zum 3.</billterm:desc>
  <billterm:refcount>0</billterm:refcount>
  <billterm:invisible>0</billterm:invisible>
  <billterm:proximo>
    <bt-prox:due-day>15</bt-prox:due-day>
    <bt-prox:disc-day>3</bt-prox:disc-day>
    <bt-prox:discount>200000/100000</bt-prox:discount>
  </billterm:proximo>
</gnc:GncBillTerm>
<gnc:GncCustomer version="2.0.0">
  <cust:guid type="guid">1d2081e8a10e4d5e9312d9fff17d470d</cust:guid>
  <cust:name>N'importe Quoi S.A.</cust:name>
  <cust:id>000003</cust:id>
  <cust:addr version="2.0.0"/>
  <cust:shipaddr version="2.0.0"/>
  <cust:notes>Nous n'achetons rien!</cust:notes>
  <cust:taxincluded>USEGLOBAL</cust:taxincluded>
  <cust:active>1</cust:active>
  <cust:discount>0/1</cust:discount>
  <cust:credit>0/1</cust:credit>
  <cust:currency>
    <cmdty:space>CURRENCY</cmdty:space>
    <cmdty:id>EUR</cmdty:id>
  </cust:currency>
  <cust:use-tt>1</cust:use-tt>
  <cust:taxtable type="guid">de4c17d1eb0e4f088ba73d4c697032f0</cust:taxtable>
</gnc:GncCustomer>
<gnc:GncCustomer version="2.0.0">
  <cust:guid type="guid">5d1dd9afa7554553988669830cc1f696</cust:guid>
  <cust:name>Unfug und Quatsch GmbH</cust:name>
  <cust:id>000001</cust:id>
  <cust:addr version="2.0.0">
    <addr:name>Herr SchwervonBegriff</addr:name>
    <addr:addr1>Nixkapier-Str. 9</addr:addr1>
    <addr:addr2>12345 Berlin</addr:addr2>
  </cust:addr>
  <cust:shipaddr version="2.0.0"/>
  <cust:terms type="guid">f4310c65486a47a5a787348b7de6ca40</cust:terms>
  <cust:taxincluded>USEGLOBAL</cust:taxincluded>
  <cust:active>1</cust:active>
  <cust:discount>0/1</cust:discount>
  <cust:credit>0/1</cust:credit>
  <cust:currency>
    <cmdty:space>CURRENCY</cmdty:space>
    <cmdty:id>EUR</cmdty:id>
  </cust:currency>
  <cust:use-tt>0</cust:use-tt>
  <cust:slots>
    <slot>
      <slot:key>last-posted-to-acct</slot:key>
      <slot:value type="guid">7e223ee2260d4ba28e8e9e19ce291f43</slot:value>
    </slot>
    <slot>
      <slot:key>payment</slot:key>
      <slot:value type="frame">
        <slot>
          <slot:key>last_acct</slot:key>
          <slot:value type="guid">bbf77a599bd24a3dbfec3dd1d0bb9f5c</slot:value>
        </slot>
      </slot:value>
    </slot>
  </cust:slots>
</gnc:GncCustomer>
<gnc:GncCustomer version="2.0.0">
  <cust:guid type="guid">f44645d2397946bcac90dff68cc03b76</cust:guid>
  <cust:name>Is That So Ltd.</cust:name>
  <cust:id>000002</cust:id>
  <cust:addr version="2.0.0"/>
  <cust:shipaddr version="2.0.0"/>
  <cust:notes>So you want to sell to us, right?</cust:notes>
  <cust:taxincluded>USEGLOBAL</cust:taxincluded>
  <cust:active>1</cust:active>
  <cust:discount>300000/100000</cust:discount>
  <cust:credit>200000/100</cust:credit>
  <cust:currency>
    <cmdty:space>CURRENCY</cmdty:space>
    <cmdty:id>EUR</cmdty:id>
  </cust:currency>
  <cust:use-tt>0</cust:use-tt>
</gnc:GncCustomer>
<gnc:GncEmployee version="2.0.0">
  <employee:guid type="guid">7f70b352dcf44a5d8085767a53a9bc37</employee:guid>
  <employee:username>otwist</employee:username>
  <employee:id>000001</employee:id>
  <employee:addr version="2.0.0">
    <addr:name>Oliver Twist</addr:name>
    <addr:addr1>Street Gang's Area</addr:addr1>
    <addr:addr2>Bad Neighbourhood</addr:addr2>
    <addr:addr3>London</addr:addr3>
    <addr:addr4>United Kingdom</addr:addr4>
    <addr:phone>+44 - 12 - 345 678 9</addr:phone>
    <addr:email>otwist@myco.com</addr:email>
  </employee:addr>
  <employee:language>English</employee:language>
  <employee:active>1</employee:active>
  <employee:workday>1400000/100000</employee:workday>
  <employee:rate>100/100</employee:rate>
  <employee:currency>
    <cmdty:space>CURRENCY</cmdty:space>
    <cmdty:id>EUR</cmdty:id>
  </employee:currency>
</gnc:GncEmployee>
<gnc:GncEmployee version="2.0.0">
  <employee:guid type="guid">b7af86fc0f3e4b16a23424bc5d150cd1</employee:guid>
  <employee:username>Herbert Blucksefuchs</employee:username>
  <employee:id>000002</employee:id>
  <employee:addr version="2.0.0">
    <addr:name>Employee No. 2</addr:name>
  </employee:addr>
  <employee:active>1</employee:active>
  <employee:workday>0/1</employee:workday>
  <employee:rate>0/1</employee:rate>
  <employee:currency>
    <cmdty:space>CURRENCY</cmdty:space>
    <cmdty:id>EUR</cmdty:id>
  </employee:currency>
</gnc:GncEmployee>
<gnc:GncEntry version="2.0.0">
  <entry:guid type="guid">0041b8d397f04ae4a2e9e3c7f991c4ec</entry:guid>
  <entry:date>
    <ts:date>2023-08-31 10:00:00 +0000</ts:date>
  </entry:date>
  <entry:entered>
    <ts:date>2023-08-31 13:03:32 +0000</ts:date>
  </entry:entered>
  <entry:description>Gefälligkeiten</entry:description>
  <entry:action>Stunden</entry:action>
  <entry:qty>3/1</entry:qty>
  <entry:b-acct type="guid">01efa7d55a4b4ac8958c0e4f43193072</entry:b-acct>
  <entry:b-price>69/5</entry:b-price>
  <entry:bill type="guid">4eb0dc387c3f4daba57b11b2a657d8a4</entry:bill>
  <entry:billable>0</entry:billable>
  <entry:b-taxable>1</entry:b-taxable>
  <entry:b-taxincluded>0</entry:b-taxincluded>
  <entry:b-pay>CASH</entry:b-pay>
</gnc:GncEntry>
<gnc:GncEntry version="2.0.0">
  <entry:guid type="guid">220af9aa331947078954cd8ad31916c2</entry:guid>
  <entry:date>
    <ts:date>2025-05-19 10:00:00 +0000</ts:date>
  </entry:date>
  <entry:entered>
    <ts:date>2025-05-19 07:41:34 +0000</ts:date>
  </entry:entered>
  <entry:description>Brezeln</entry:description>
  <entry:action>Material</entry:action>
  <entry:qty>100/1</entry:qty>
  <entry:b-acct type="guid">e93bd8a244c94de9bb4d5c3cb6749bf1</entry:b-acct>
  <entry:b-price>13/20</entry:b-price>
  <entry:bill type="guid">d1e64a86c4004ef7b87e2610d762456d</entry:bill>
  <entry:billable>0</entry:billable>
  <entry:b-taxable>0</entry:b-taxable>
  <entry:b-taxincluded>0</entry:b-taxincluded>
  <entry:b-pay>CASH</entry:b-pay>
</gnc:GncEntry>
<gnc:GncEntry version="2.0.0">
  <entry:guid type="guid">2a3b269cbf604076b4438c2b62817b53</entry:guid>
  <entry:date>
    <ts:date>2023-09-20 10:00:00 +0000</ts:date>
  </entry:date>
  <entry:entered>
    <ts:date>2023-09-20 14:01:35 +0000</ts:date>
  </entry:entered>
  <entry:description>Item 1</entry:description>
  <entry:action>Auftrag</entry:action>
  <entry:qty>1/1</entry:qty>
  <entry:b-acct type="guid">16305960bddc463aa18212dd4f230d4d</entry:b-acct>
  <entry:b-price>920/1</entry:b-price>
  <entry:bill type="guid">169331c9860642cf84b04f3e3151058a</entry:bill>
  <entry:billable>0</entry:billable>
  <entry:b-taxable>1</entry:b-taxable>
  <entry:b-taxincluded>0</entry:b-taxincluded>
  <entry:b-pay>CASH</entry:b-pay>
  <entry:b-taxtable type="guid">3c9690f9f31b4cd0baa936048b833c06</entry:b-taxtable>
</gnc:GncEntry>
<gnc:GncEntry version="2.0.0">
  <entry:guid type="guid">3c67a99b5fe34387b596bb1fbab21a74</entry:guid>
  <entry:date>
    <ts:date>2023-08-30 10:00:00 +0000</ts:date>
  </entry:date>
  <entry:entered>
    <ts:date>2023-08-30 07:30:19 +0000</ts:date>
  </entry:entered>
  <entry:description>Posten 2</entry:description>
  <entry:action>Material</entry:action>
  <entry:qty>1/1</entry:qty>
  <entry:i-acct type="guid">fed745c4da5c49ebb0fde0f47222b35b</entry:i-acct>
  <entry:i-price>1234/1</entry:i-price>
  <entry:invoice type="guid">d9967c10fdf1465e9394a3e4b1e7bd79</entry:invoice>
  <entry:i-disc-type>VALUE</entry:i-disc-type>
  <entry:i-disc-how>PRETAX</entry:i-disc-how>
  <entry:i-taxable>0</entry:i-taxable>
  <entry:i-taxincluded>0</entry:i-taxincluded>
</gnc:GncEntry>
<gnc:GncEntry version="2.0.0">
  <entry:guid type="guid">513589a11391496cbb8d025fc1e87eaa</entry:guid>
  <entry:date>
    <ts:date>2023-08-30 10:00:00 +0000</ts:date>
  </entry:date>
  <entry:entered>
    <ts:date>2023-08-30 06:57:37 +0000</ts:date>
  </entry:entered>
  <entry:description>Item 1</entry:description>
  <entry:qty>3/1</entry:qty>
  <entry:b-acct type="guid">7baa658d697e4dfc8a4bf19f8cdd9fee</entry:b-acct>
  <entry:b-price>25/2</entry:b-price>
  <entry:bill type="guid">286fc2651a7848038a23bb7d065c8b67</entry:bill>
  <entry:billable>0</entry:billable>
  <entry:b-taxable>1</entry:b-taxable>
  <entry:b-taxincluded>1</entry:b-taxincluded>
  <entry:b-pay>CASH</entry:b-pay>
  <entry:b-taxtable type="guid">cba6011c826f426fbc4a1a72c3d6c8ee</entry:b-taxtable>
</gnc:GncEntry>
<gnc:GncEntry version="2.0.0">
  <entry:guid type="guid">83e78ce224d94c3eafc55e33d3d5f3e6</entry:guid>
  <entry:date>
    <ts:date>2023-08-13 10:00:00 +0000</ts:date>
  </entry:date>
  <entry:entered>
    <ts:date>2023-09-13 08:40:47 +0000</ts:date>
  </entry:entered>
  <entry:description>Posten 3</entry:description>
  <entry:action>Material</entry:action>
  <entry:qty>10/1</entry:qty>
  <entry:i-acct type="guid">3a4fe87c83ac4a1ba8c4d851ccd4d940</entry:i-acct>
  <entry:i-price>120/1</entry:i-price>
  <entry:invoice type="guid">6588f1757b9e4e24b62ad5b37b8d8e07</entry:invoice>
  <entry:i-disc-type>PERCENT</entry:i-disc-type>
  <entry:i-disc-how>PRETAX</entry:i-disc-how>
  <entry:i-taxable>1</entry:i-taxable>
  <entry:i-taxincluded>0</entry:i-taxincluded>
  <entry:i-taxtable type="guid">cba6011c826f426fbc4a1a72c3d6c8ee</entry:i-taxtable>
</gnc:GncEntry>
<gnc:GncEntry version="2.0.0">
  <entry:guid type="guid">9218e269422d4c08b3b9a8c27fbd051a</entry:guid>
  <entry:date>
    <ts:date>2023-11-13 11:00:00 +0000</ts:date>
  </entry:date>
  <entry:entered>
    <ts:date>2023-11-13 16:46:43 +0000</ts:date>
  </entry:entered>
  <entry:description>Tanken</entry:description>
  <entry:action>Material</entry:action>
  <entry:qty>1/1</entry:qty>
  <entry:b-acct type="guid">626aa7a18ea840a69844ad612c28fe29</entry:b-acct>
  <entry:b-price>85/1</entry:b-price>
  <entry:bill type="guid">8de4467c17e04bb2895fb68cc07fc4df</entry:bill>
  <entry:billable>0</entry:billable>
  <entry:b-taxable>1</entry:b-taxable>
  <entry:b-taxincluded>0</entry:b-taxincluded>
  <entry:b-pay>CASH</entry:b-pay>
</gnc:GncEntry>
<gnc:GncEntry version="2.0.0">
  <entry:guid type="guid">92e54c04b66f4682a9afb48e27dfe397</entry:guid>
  <entry:date>
    <ts:date>2023-08-30 10:00:00 +0000</ts:date>
  </entry:date>
  <entry:entered>
    <ts:date>2023-08-30 07:29:49 +0000</ts:date>
  </entry:entered>
  <entry:description>Posten 1</entry:description>
  <entry:action>Stunden</entry:action>
  <entry:qty>3/1</entry:qty>
  <entry:i-acct type="guid">fed745c4da5c49ebb0fde0f47222b35b</entry:i-acct>
  <entry:i-price>156/5</entry:i-price>
  <entry:invoice type="guid">d9967c10fdf1465e9394a3e4b1e7bd79</entry:invoice>
  <entry:i-disc-type>PERCENT</entry:i-disc-type>
  <entry:i-disc-how>PRETAX</entry:i-disc-how>
  <entry:i-taxable>0</entry:i-taxable>
  <entry:i-taxincluded>0</entry:i-taxincluded>
</gnc:GncEntry>
<gnc:GncEntry version="2.0.0">
  <entry:guid type="guid">993eae09ce664094adf63b85509de2bc</entry:guid>
  <entry:date>
    <ts:date>2023-09-20 10:00:00 +0000</ts:date>
  </entry:date>
  <entry:entered>
    <ts:date>2023-09-20 10:32:01 +0000</ts:date>
  </entry:entered>
  <entry:description>Item 3</entry:description>
  <entry:action>Material</entry:action>
  <entry:qty>40/1</entry:qty>
  <entry:i-acct type="guid">3a4fe87c83ac4a1ba8c4d851ccd4d940</entry:i-acct>
  <entry:i-price>30/1</entry:i-price>
  <entry:invoice type="guid">b1e981f796b94ca0b17a9dccb91fedc0</entry:invoice>
  <entry:i-disc-type>PERCENT</entry:i-disc-type>
  <entry:i-disc-how>PRETAX</entry:i-disc-how>
  <entry:i-taxable>1</entry:i-taxable>
  <entry:i-taxincluded>0</entry:i-taxincluded>
  <entry:i-taxtable type="guid">3c9690f9f31b4cd0baa936048b833c06</entry:i-taxtable>
</gnc:GncEntry>
<gnc:GncEntry version="2.0.0">
  <entry:guid type="guid">99b0115f9e804cf485976c4c94d70cb7</entry:guid>
  <entry:date>
    <ts:date>2023-08-13 10:00:00 +0000</ts:date>
  </entry:date>
  <entry:entered>
    <ts:date>2023-09-13 08:40:31 +0000</ts:date>
  </entry:entered>
  <entry:description>Posten 2</entry:description>
  <entry:action>Stunden</entry:action>
  <entry:qty>2/1</entry:qty>
  <entry:i-acct type="guid">690f25c6ef0649cba836529ba6724f78</entry:i-acct>
  <entry:i-price>90/1</entry:i-price>
  <entry:invoice type="guid">6588f1757b9e4e24b62ad5b37b8d8e07</entry:invoice>
  <entry:i-disc-type>PERCENT</entry:i-disc-type>
  <entry:i-disc-how>PRETAX</entry:i-disc-how>
  <entry:i-taxable>1</entry:i-taxable>
  <entry:i-taxincluded>0</entry:i-taxincluded>
  <entry:i-taxtable type="guid">cba6011c826f426fbc4a1a72c3d6c8ee</entry:i-taxtable>
</gnc:GncEntry>
<gnc:GncEntry version="2.0.0">
  <entry:guid type="guid">b31e045828d94cc8b780e452cf716d88</entry:guid>
  <entry:date>
    <ts:date>2023-08-13 10:00:00 +0000</ts:date>
  </entry:date>
  <entry:entered>
    <ts:date>2023-09-13 08:40:10 +0000</ts:date>
  </entry:entered>
  <entry:description>Posten 1</entry:description>
  <entry:action>Stunden</entry:action>
  <entry:qty>3/1</entry:qty>
  <entry:i-acct type="guid">690f25c6ef0649cba836529ba6724f78</entry:i-acct>
  <entry:i-price>75/1</entry:i-price>
  <entry:invoice type="guid">6588f1757b9e4e24b62ad5b37b8d8e07</entry:invoice>
  <entry:i-disc-type>PERCENT</entry:i-disc-type>
  <entry:i-disc-how>PRETAX</entry:i-disc-how>
  <entry:i-taxable>1</entry:i-taxable>
  <entry:i-taxincluded>0</entry:i-taxincluded>
  <entry:i-taxtable type="guid">cba6011c826f426fbc4a1a72c3d6c8ee</entry:i-taxtable>
</gnc:GncEntry>
<gnc:GncEntry version="2.0.0">
  <entry:guid type="guid">b6e2313e32d44bb4a8a701c1063e03a7</entry:guid>
  <entry:date>
    <ts:date>2023-11-13 11:00:00 +0000</ts:date>
  </entry:date>
  <entry:entered>
    <ts:date>2023-11-13 16:47:31 +0000</ts:date>
  </entry:entered>
  <entry:description>Übernachtung</entry:description>
  <entry:action>Material</entry:action>
  <entry:qty>1/1</entry:qty>
  <entry:b-acct type="guid">626aa7a18ea840a69844ad612c28fe29</entry:b-acct>
  <entry:b-price>145/1</entry:b-price>
  <entry:bill type="guid">8de4467c17e04bb2895fb68cc07fc4df</entry:bill>
  <entry:billable>0</entry:billable>
  <entry:b-taxable>1</entry:b-taxable>
  <entry:b-taxincluded>0</entry:b-taxincluded>
  <entry:b-pay>CASH</entry:b-pay>
</gnc:GncEntry>
<gnc:GncEntry version="2.0.0">
  <entry:guid type="guid">dc3c53f07ff64199ad4ea38988b3f40a</entry:guid>
  <entry:date>
    <ts:date>2023-08-30 10:00:00 +0000</ts:date>
  </entry:date>
  <entry:entered>
    <ts:date>2023-08-30 06:57:40 +0000</ts:date>
  </entry:entered>
  <entry:description>Item 2</entry:description>
  <entry:qty>2/1</entry:qty>
  <entry:b-acct type="guid">16305960bddc463aa18212dd4f230d4d</entry:b-acct>
  <entry:b-price>119/5</entry:b-price>
  <entry:bill type="guid">286fc2651a7848038a23bb7d065c8b67</entry:bill>
  <entry:billable>0</entry:billable>
  <entry:b-taxable>1</entry:b-taxable>
  <entry:b-taxincluded>0</entry:b-taxincluded>
  <entry:b-pay>CASH</entry:b-pay>
  <entry:b-taxtable type="guid">cba6011c826f426fbc4a1a72c3d6c8ee</entry:b-taxtable>
</gnc:GncEntry>
<gnc:GncEntry version="2.0.0">
  <entry:guid type="guid">eb5eb3b7c1e34965b36fb6d5af183e82</entry:guid>
  <entry:date>
    <ts:date>2023-09-20 10:00:00 +0000</ts:date>
  </entry:date>
  <entry:entered>
    <ts:date>2023-09-20 10:31:16 +0000</ts:date>
  </entry:entered>
  <entry:description>Item 2</entry:description>
  <entry:action>Stunden</entry:action>
  <entry:qty>5/1</entry:qty>
  <entry:i-acct type="guid">690f25c6ef0649cba836529ba6724f78</entry:i-acct>
  <entry:i-price>95/1</entry:i-price>
  <entry:invoice type="guid">b1e981f796b94ca0b17a9dccb91fedc0</entry:invoice>
  <entry:i-disc-type>PERCENT</entry:i-disc-type>
  <entry:i-disc-how>PRETAX</entry:i-disc-how>
  <entry:i-taxable>1</entry:i-taxable>
  <entry:i-taxincluded>0</entry:i-taxincluded>
  <entry:i-taxtable type="guid">3c9690f9f31b4cd0baa936048b833c06</entry:i-taxtable>
</gnc:GncEntry>
<gnc:GncEntry version="2.0.0">
  <entry:guid type="guid">fa483972d10a4ce0abf2a7e1319706e7</entry:guid>
  <entry:date>
    <ts:date>2023-09-20 10:00:00 +0000</ts:date>
  </entry:date>
  <entry:entered>
    <ts:date>2023-09-20 10:30:51 +0000</ts:date>
  </entry:entered>
  <entry:description>Item 1</entry:description>
  <entry:action>Auftrag</entry:action>
  <entry:qty>1/1</entry:qty>
  <entry:i-acct type="guid">690f25c6ef0649cba836529ba6724f78</entry:i-acct>
  <entry:i-price>2450/1</entry:i-price>
  <entry:invoice type="guid">b1e981f796b94ca0b17a9dccb91fedc0</entry:invoice>
  <entry:i-disc-type>PERCENT</entry:i-disc-type>
  <entry:i-disc-how>PRETAX</entry:i-disc-how>
  <entry:i-taxable>1</entry:i-taxable>
  <entry:i-taxincluded>0</entry:i-taxincluded>
  <entry:i-taxtable type="guid">3c9690f9f31b4cd0baa936048b833c06</entry:i-taxtable>
</gnc:GncEntry>
<gnc:GncInvoice version="2.0.0">
  <invoice:guid type="guid">169331c9860642cf84b04f3e3151058a</invoice:guid>
  <invoice:id>000001</invoice:id>
  <invoice:owner version="2.0.0">
    <owner:type>gncJob</owner:type>
    <owner:id type="guid">028cfb5993ef4d6b83206bc844e2fe56</owner:id>
  </invoice:owner>
  <invoice:opened>
    <ts:date>2023-09-20 10:59:00 +0000</ts:date>
  </invoice:opened>
  <invoice:notes>With vendor job / with taxes</invoice:notes>
  <invoice:active>1</invoice:active>
  <invoice:currency>
    <cmdty:space>CURRENCY</cmdty:space>
    <cmdty:id>EUR</cmdty:id>
  </invoice:currency>
  <invoice:slots>
    <slot>
      <slot:key>assoc_uri</slot:key>
      <slot:value type="string">https://my.job.invoice.link.01</slot:value>
    </slot>
    <slot>
      <slot:key>credit-note</slot:key>
      <slot:value type="integer">0</slot:value>
    </slot>
  </invoice:slots>
</gnc:GncInvoice>
<gnc:GncInvoice version="2.0.0">
  <invoice:guid type="guid">286fc2651a7848038a23bb7d065c8b67</invoice:guid>
  <invoice:id>2740921</invoice:id>
  <invoice:owner version="2.0.0">
    <owner:type>gncVendor</owner:type>
    <owner:id type="guid">087e1a3d43fa4ef9a9bdd4b4797c4231</owner:id>
  </invoice:owner>
  <invoice:opened>
    <ts:date>2023-08-30 10:59:00 +0000</ts:date>
  </invoice:opened>
  <invoice:posted>
    <ts:date>2023-08-30 10:59:00 +0000</ts:date>
  </invoice:posted>
  <invoice:notes>Dat isjamaol eine schöne jepflejgte Reschnung!</invoice:notes>
  <invoice:active>1</invoice:active>
  <invoice:posttxn type="guid">aa64d862bb5e4d749eb41f198b28d73d</invoice:posttxn>
  <invoice:postlot type="guid">ae4de9f6ba2941af94595a6b161795c7</invoice:postlot>
  <invoice:postacc type="guid">68a4c19f9a8c48909fc69d0dc18c37a6</invoice:postacc>
  <invoice:currency>
    <cmdty:space>CURRENCY</cmdty:space>
    <cmdty:id>EUR</cmdty:id>
  </invoice:currency>
</gnc:GncInvoice>
<gnc:GncInvoice version="2.0.0">
  <invoice:guid type="guid">4eb0dc387c3f4daba57b11b2a657d8a4</invoice:guid>
  <invoice:id>1730-383/2</invoice:id>
  <invoice:owner version="2.0.0">
    <owner:type>gncVendor</owner:type>
    <owner:id type="guid">087e1a3d43fa4ef9a9bdd4b4797c4231</owner:id>
  </invoice:owner>
  <invoice:opened>
    <ts:date>2023-08-31 10:59:00 +0000</ts:date>
  </invoice:opened>
  <invoice:notes>Sie wissen schon: Gefälligkeiten, ne?</invoice:notes>
  <invoice:active>1</invoice:active>
  <invoice:currency>
    <cmdty:space>CURRENCY</cmdty:space>
    <cmdty:id>EUR</cmdty:id>
  </invoice:currency>
  <invoice:slots>
    <slot>
      <slot:key>assoc_uri</slot:key>
      <slot:value type="string">https://my.vendor.bill.link.01</slot:value>
    </slot>
    <slot>
      <slot:key>credit-note</slot:key>
      <slot:value type="integer">0</slot:value>
    </slot>
  </invoice:slots>
</gnc:GncInvoice>
<gnc:GncInvoice version="2.0.0">
  <invoice:guid type="guid">6588f1757b9e4e24b62ad5b37b8d8e07</invoice:guid>
  <invoice:id>R1731</invoice:id>
  <invoice:owner version="2.0.0">
    <owner:type>gncCustomer</owner:type>
    <owner:id type="guid">5d1dd9afa7554553988669830cc1f696</owner:id>
  </invoice:owner>
  <invoice:opened>
    <ts:date>2023-08-13 10:59:00 +0000</ts:date>
  </invoice:opened>
  <invoice:posted>
    <ts:date>2023-08-13 10:59:00 +0000</ts:date>
  </invoice:posted>
  <invoice:notes>Diesmal mit Steuern / teilw. bezahlt</invoice:notes>
  <invoice:active>1</invoice:active>
  <invoice:posttxn type="guid">9e066e5f3081485ab08539e41bf85495</invoice:posttxn>
  <invoice:postlot type="guid">c9a34ac416b8456ea84d7f19cca341d6</invoice:postlot>
  <invoice:postacc type="guid">7e223ee2260d4ba28e8e9e19ce291f43</invoice:postacc>
  <invoice:currency>
    <cmdty:space>CURRENCY</cmdty:space>
    <cmdty:id>EUR</cmdty:id>
  </invoice:currency>
  <invoice:slots>
    <slot>
      <slot:key>assoc_uri</slot:key>
      <slot:value type="string">https://my.customer.invoice.link.01</slot:value>
    </slot>
    <slot>
      <slot:key>credit-note</slot:key>
      <slot:value type="integer">0</slot:value>
    </slot>
  </invoice:slots>
</gnc:GncInvoice>
<gnc:GncInvoice version="2.0.0">
  <invoice:guid type="guid">75e5e943505a4272ab2bcf75b03bd6fd</invoice:guid>
  <invoice:id>gg8nixlos</invoice:id>
  <invoice:owner version="2.0.0">
    <owner:type>gncVendor</owner:type>
    <owner:id type="guid">087e1a3d43fa4ef9a9bdd4b4797c4231</owner:id>
  </invoice:owner>
  <invoice:opened>
    <ts:date>2025-05-19 10:59:00 +0000</ts:date>
  </invoice:opened>
  <invoice:terms type="guid">599bfe3ab5b84a73bf3acabc5abd5bc7</invoice:terms>
  <invoice:active>1</invoice:active>
  <invoice:currency>
    <cmdty:space>CURRENCY</cmdty:space>
    <cmdty:id>EUR</cmdty:id>
  </invoice:currency>
  <invoice:slots>
    <slot>
      <slot:key>credit-note</slot:key>
      <slot:value type="integer">0</slot:value>
    </slot>
  </invoice:slots>
</gnc:GncInvoice>
<gnc:GncInvoice version="2.0.0">
  <invoice:guid type="guid">8de4467c17e04bb2895fb68cc07fc4df</invoice:guid>
  <invoice:id>000001</invoice:id>
  <invoice:owner version="2.0.0">
    <owner:type>gncEmployee</owner:type>
    <owner:id type="guid">7f70b352dcf44a5d8085767a53a9bc37</owner:id>
  </invoice:owner>
  <invoice:opened>
    <ts:date>2023-11-13 10:59:00 +0000</ts:date>
  </invoice:opened>
  <invoice:notes>Spesen Geschäftsreise</invoice:notes>
  <invoice:active>1</invoice:active>
  <invoice:currency>
    <cmdty:space>CURRENCY</cmdty:space>
    <cmdty:id>EUR</cmdty:id>
  </invoice:currency>
  <invoice:slots>
    <slot>
      <slot:key>credit-note</slot:key>
      <slot:value type="integer">0</slot:value>
    </slot>
  </invoice:slots>
</gnc:GncInvoice>
<gnc:GncInvoice version="2.0.0">
  <invoice:guid type="guid">b1e981f796b94ca0b17a9dccb91fedc0</invoice:guid>
  <invoice:id>R94871</invoice:id>
  <invoice:owner version="2.0.0">
    <owner:type>gncJob</owner:type>
    <owner:id type="guid">e91b99cd6fbb48a985cbf1e8041f378c</owner:id>
  </invoice:owner>
  <invoice:opened>
    <ts:date>2023-09-20 10:59:00 +0000</ts:date>
  </invoice:opened>
  <invoice:notes>With customer job / with taxes</invoice:notes>
  <invoice:active>1</invoice:active>
  <invoice:currency>
    <cmdty:space>CURRENCY</cmdty:space>
    <cmdty:id>EUR</cmdty:id>
  </invoice:currency>
  <invoice:slots>
    <slot>
      <slot:key>credit-note</slot:key>
      <slot:value type="integer">0</slot:value>
    </slot>
  </invoice:slots>
</gnc:GncInvoice>
<gnc:GncInvoice version="2.0.0">
  <invoice:guid type="guid">d1e64a86c4004ef7b87e2610d762456d</invoice:guid>
  <invoice:id>gg9nixlos</invoice:id>
  <invoice:owner version="2.0.0">
    <owner:type>gncVendor</owner:type>
    <owner:id type="guid">087e1a3d43fa4ef9a9bdd4b4797c4231</owner:id>
  </invoice:owner>
  <invoice:opened>
    <ts:date>2025-05-19 10:59:00 +0000</ts:date>
  </invoice:opened>
  <invoice:terms type="guid">599bfe3ab5b84a73bf3acabc5abd5bc7</invoice:terms>
  <invoice:active>1</invoice:active>
  <invoice:currency>
    <cmdty:space>CURRENCY</cmdty:space>
    <cmdty:id>EUR</cmdty:id>
  </invoice:currency>
  <invoice:slots>
    <slot>
      <slot:key>credit-note</slot:key>
      <slot:value type="integer">0</slot:value>
    </slot>
  </invoice:slots>
</gnc:GncInvoice>
<gnc:GncInvoice version="2.0.0">
  <invoice:guid type="guid">d9967c10fdf1465e9394a3e4b1e7bd79</invoice:guid>
  <invoice:id>R1730</invoice:id>
  <invoice:owner version="2.0.0">
    <owner:type>gncCustomer</owner:type>
    <owner:id type="guid">5d1dd9afa7554553988669830cc1f696</owner:id>
  </invoice:owner>
  <invoice:opened>
    <ts:date>2023-07-29 10:59:00 +0000</ts:date>
  </invoice:opened>
  <invoice:posted>
    <ts:date>2023-07-29 10:59:00 +0000</ts:date>
  </invoice:posted>
  <invoice:notes>Alles ohne Steuern / voll bezahlt</invoice:notes>
  <invoice:active>1</invoice:active>
  <invoice:posttxn type="guid">c97032ba41684b2bb5d1391c9d7547e9</invoice:posttxn>
  <invoice:postlot type="guid">c183bc9303484e75945af1324d18e8cc</invoice:postlot>
  <invoice:postacc type="guid">7e223ee2260d4ba28e8e9e19ce291f43</invoice:postacc>
  <invoice:currency>
    <cmdty:space>CURRENCY</cmdty:space>
    <cmdty:id>EUR</cmdty:id>
  </invoice:currency>
</gnc:GncInvoice>
<gnc:GncJob version="2.0.0">
  <job:guid type="guid">028cfb5993ef4d6b83206bc844e2fe56</job:guid>
  <job:id>000002</job:id>
  <job:name>Let's buy help</job:name>
  <job:owner version="2.0.0">
    <owner:type>gncVendor</owner:type>
    <owner:id type="guid">4f16fd55c0d64ebe82ffac0bb25fe8f5</owner:id>
  </job:owner>
  <job:active>1</job:active>
</gnc:GncJob>
<gnc:GncJob version="2.0.0">
  <job:guid type="guid">bdb7cfdd002b4ea28c8c0080f051479b</job:guid>
  <job:id>000004</job:id>
  <job:name>Dummy-Auftrag (Lieferant)</job:name>
  <job:owner version="2.0.0">
    <owner:type>gncVendor</owner:type>
    <owner:id type="guid">087e1a3d43fa4ef9a9bdd4b4797c4231</owner:id>
  </job:owner>
  <job:active>1</job:active>
</gnc:GncJob>
<gnc:GncJob version="2.0.0">
  <job:guid type="guid">e1ffc66e574447de963c13c0465e74e8</job:guid>
  <job:id>000003</job:id>
  <job:name>Dummy-Auftrag (Kunde)</job:name>
  <job:owner version="2.0.0">
    <owner:type>gncCustomer</owner:type>
    <owner:id type="guid">5d1dd9afa7554553988669830cc1f696</owner:id>
  </job:owner>
  <job:active>1</job:active>
</gnc:GncJob>
<gnc:GncJob version="2.0.0">
  <job:guid type="guid">e91b99cd6fbb48a985cbf1e8041f378c</job:guid>
  <job:id>000001</job:id>
  <job:name>Do more for others</job:name>
  <job:owner version="2.0.0">
    <owner:type>gncCustomer</owner:type>
    <owner:id type="guid">f44645d2397946bcac90dff68cc03b76</owner:id>
  </job:owner>
  <job:active>1</job:active>
</gnc:GncJob>
<gnc:GncTaxTable version="2.0.0">
  <taxtable:guid type="guid">0bc4e576896a4fb4a2779dcf310f82f1</taxtable:guid>
  <taxtable:name>UK_VAT_Std</taxtable:name>
  <taxtable:refcount>1</taxtable:refcount>
  <taxtable:invisible>0</taxtable:invisible>
  <taxtable:entries>
    <gnc:GncTaxTableEntry>
      <tte:acct type="guid">1a5b06dada56466197edbd15e64fd425</tte:acct>
      <tte:amount>2000000/100000</tte:amount>
      <tte:type>PERCENT</tte:type>
    </gnc:GncTaxTableEntry>
  </taxtable:entries>
</gnc:GncTaxTable>
<gnc:GncTaxTable version="2.0.0">
  <taxtable:guid type="guid">3c9690f9f31b4cd0baa936048b833c06</taxtable:guid>
  <taxtable:name>DE_USt_Std</taxtable:name>
  <taxtable:refcount>4</taxtable:refcount>
  <taxtable:invisible>0</taxtable:invisible>
  <taxtable:child type="guid">cba6011c826f426fbc4a1a72c3d6c8ee</taxtable:child>
  <taxtable:entries>
    <gnc:GncTaxTableEntry>
      <tte:acct type="guid">1a5b06dada56466197edbd15e64fd425</tte:acct>
      <tte:amount>1900000/100000</tte:amount>
      <tte:type>PERCENT</tte:type>
    </gnc:GncTaxTableEntry>
  </taxtable:entries>
</gnc:GncTaxTable>
<gnc:GncTaxTable version="2.0.0">
  <taxtable:guid type="guid">9d33a0082d9241ac89aa8e907f30d1db</taxtable:guid>
  <taxtable:name>UK_VAT_red</taxtable:name>
  <taxtable:refcount>0</taxtable:refcount>
  <taxtable:invisible>0</taxtable:invisible>
  <taxtable:entries>
    <gnc:GncTaxTableEntry>
      <tte:acct type="guid">1a5b06dada56466197edbd15e64fd425</tte:acct>
      <tte:amount>500000/100000</tte:amount>
      <tte:type>PERCENT</tte:type>
    </gnc:GncTaxTableEntry>
  </taxtable:entries>
</gnc:GncTaxTable>
<gnc:GncTaxTable version="2.0.0">
  <taxtable:guid type="guid">c518af53a93c4a5cb3e2161b7b358e68</taxtable:guid>
  <taxtable:name>DE_USt_red</taxtable:name>
  <taxtable:refcount>0</taxtable:refcount>
  <taxtable:invisible>0</taxtable:invisible>
  <taxtable:entries>
    <gnc:GncTaxTableEntry>
      <tte:acct type="guid">1a5b06dada56466197edbd15e64fd425</tte:acct>
      <tte:amount>700000/100000</tte:amount>
      <tte:type>PERCENT</tte:type>
    </gnc:GncTaxTableEntry>
  </taxtable:entries>
</gnc:GncTaxTable>
<gnc:GncTaxTable version="2.0.0">
  <taxtable:guid type="guid">cba6011c826f426fbc4a1a72c3d6c8ee</taxtable:guid>
  <taxtable:name>USt_Std</taxtable:name>
  <taxtable:refcount>0</taxtable:refcount>
  <taxtable:invisible>1</taxtable:invisible>
  <taxtable:parent type="guid">3c9690f9f31b4cd0baa936048b833c06</taxtable:parent>
  <taxtable:entries>
    <gnc:GncTaxTableEntry>
      <tte:acct type="guid">1a5b06dada56466197edbd15e64fd425</tte:acct>
      <tte:amount>1900000/100000</tte:amount>
      <tte:type>PERCENT</tte:type>
    </gnc:GncTaxTableEntry>
  </taxtable:entries>
</gnc:GncTaxTable>
<gnc:GncTaxTable version="2.0.0">
  <taxtable:guid type="guid">de4c17d1eb0e4f088ba73d4c697032f0</taxtable:guid>
  <taxtable:name>FR_TVA_Std</taxtable:name>
  <taxtable:refcount>1</taxtable:refcount>
  <taxtable:invisible>0</taxtable:invisible>
  <taxtable:entries>
    <gnc:GncTaxTableEntry>
      <tte:acct type="guid">1a5b06dada56466197edbd15e64fd425</tte:acct>
      <tte:amount>2000000/100000</tte:amount>
      <tte:type>PERCENT</tte:type>
    </gnc:GncTaxTableEntry>
  </taxtable:entries>
</gnc:GncTaxTable>
<gnc:GncTaxTable version="2.0.0">
  <taxtable:guid type="guid">e279d5cc81204f1bb6cf672ef3357c0c</taxtable:guid>
  <taxtable:name>FR_TVA_red</taxtable:name>
  <taxtable:refcount>0</taxtable:refcount>
  <taxtable:invisible>0</taxtable:invisible>
  <taxtable:entries>
    <gnc:GncTaxTableEntry>
      <tte:acct type="guid">1a5b06dada56466197edbd15e64fd425</tte:acct>
      <tte:amount>1000000/100000</tte:amount>
      <tte:type>PERCENT</tte:type>
    </gnc:GncTaxTableEntry>
  </taxtable:entries>
</gnc:GncTaxTable>
<gnc:GncVendor version="2.0.0">
  <vendor:guid type="guid">087e1a3d43fa4ef9a9bdd4b4797c4231</vendor:guid>
  <vendor:name>Lieferfanto AG</vendor:name>
  <vendor:id>000001</vendor:id>
  <vendor:addr version="2.0.0">
    <addr:name>Frau Schbörzel-Schnurrenburgen</addr:name>
    <addr:addr1>Über den Linden 81</addr:addr1>
    <addr:addr2>12345 Berlin</addr:addr2>
  </vendor:addr>
  <vendor:terms type="guid">599bfe3ab5b84a73bf3acabc5abd5bc7</vendor:terms>
  <vendor:taxincluded>USEGLOBAL</vendor:taxincluded>
  <vendor:active>1</vendor:active>
  <vendor:currency>
    <cmdty:space>CURRENCY</cmdty:space>
    <cmdty:id>EUR</cmdty:id>
  </vendor:currency>
  <vendor:use-tt>0</vendor:use-tt>
  <vendor:slots>
    <slot>
      <slot:key>last-posted-to-acct</slot:key>
      <slot:value type="guid">68a4c19f9a8c48909fc69d0dc18c37a6</slot:value>
    </slot>
    <slot>
      <slot:key>payment</slot:key>
      <slot:value type="frame">
        <slot>
          <slot:key>last_acct</slot:key>
          <slot:value type="guid">bbf77a599bd24a3dbfec3dd1d0bb9f5c</slot:value>
        </slot>
      </slot:value>
    </slot>
  </vendor:slots>
</gnc:GncVendor>
<gnc:GncVendor version="2.0.0">
  <vendor:guid type="guid">4f16fd55c0d64ebe82ffac0bb25fe8f5</vendor:guid>
  <vendor:name>Super Suppliers Corp.</vendor:name>
  <vendor:id>000002</vendor:id>
  <vendor:addr version="2.0.0"/>
  <vendor:notes>We are so super, man!</vendor:notes>
  <vendor:taxincluded>USEGLOBAL</vendor:taxincluded>
  <vendor:active>1</vendor:active>
  <vendor:currency>
    <cmdty:space>CURRENCY</cmdty:space>
    <cmdty:id>EUR</cmdty:id>
  </vendor:currency>
  <vendor:use-tt>1</vendor:use-tt>
  <vendor:taxtable type="guid">0bc4e576896a4fb4a2779dcf310f82f1</vendor:taxtable>
</gnc:GncVendor>
<gnc:GncVendor version="2.0.0">
  <vendor:guid type="guid">bc1c7a6d0a6c4b4ea7dd9f8eb48f79f7</vendor:guid>
  <vendor:name>Achetez Chez Nous S.A.</vendor:name>
  <vendor:id>000003</vendor:id>
  <vendor:addr version="2.0.0"/>
  <vendor:notes>Nous sommes vraiment les meilleurs! Venez chez nous!</vendor:notes>
  <vendor:terms type="guid">f4310c65486a47a5a787348b7de6ca40</vendor:terms>
  <vendor:taxincluded>USEGLOBAL</vendor:taxincluded>
  <vendor:active>1</vendor:active>
  <vendor:currency>
    <cmdty:space>CURRENCY</cmdty:space>
    <cmdty:id>EUR</cmdty:id>
  </vendor:currency>
  <vendor:use-tt>0</vendor:use-tt>
</gnc:GncVendor>
</gnc:book>
</gnc-v2>

